@MISC{JASP2020,
AUTHOR = {{JASP Team}},
TITLE = {{JASP (Version 0.14.1)[Computer software]}},
YEAR = {2020},
URL = {https://jasp-stats.org/}
}

@MISC{jamovi2021,
AUTHOR = {{Jamovi Team}},
TITLE = {{jamovi (Version 1.6)[Computer software]}},
YEAR = {2021},
URL = {https://www.jamovi.org}
}

@article{hamilton2014meta,
  title={Meta Analysis via Shiny},
  author={Hamilton, William Kyle and Mizumoto, Atsushi},
  year={2014}
}

@article{mcguinness2021risk,
  title={Risk-of-bias VISualization (robvis): An R package and Shiny web app for visualizing risk-of-bias assessments},
  author={McGuinness, Luke A and Higgins, Julian PT},
  journal={Research Synthesis Methods},
  volume={12},
  number={1},
  pages={55--61},
  year={2021},
  publisher={Wiley Online Library}
}

@article{owen2019metainsight,
  title={MetaInsight: An interactive web-based tool for analyzing, interrogating, and visualizing network meta-analyses using R-shiny and netmeta},
  author={Owen, Rhiannon K and Bradbury, Naomi and Xin, Yiqiao and Cooper, Nicola and Sutton, Alex},
  journal={Research synthesis methods},
  volume={10},
  number={4},
  pages={569--581},
  year={2019},
  publisher={Wiley Online Library}
}

@article{freeman2019development,
  title={Development of an interactive web-based tool to conduct and interrogate meta-analysis of diagnostic test accuracy studies: MetaDTA},
  author={Freeman, Suzanne C and Kerby, Clareece R and Patel, Amit and Cooper, Nicola J and Quinn, Terry and Sutton, Alex J},
  journal={BMC Medical Research Methodology},
  volume={19},
  number={1},
  pages={1--11},
  year={2019},
  publisher={BioMed Central}
}

@article{wang2021ipdmada,
  title={IPDmada: An R Shiny tool for analyzing and visualizing individual patient data meta-analyses of diagnostic test accuracy},
  author={Wang, Junfeng and Keusters, Willem R and Wen, Lingzi and Leeflang, Mariska MG},
  journal={Research Synthesis Methods},
  volume={12},
  number={1},
  pages={45--54},
  year={2021},
  publisher={Wiley Online Library}
}

@article{austin2010substantial,
  title={A substantial and confusing variation exists in handling of baseline covariates in randomized controlled trials: a review of trials published in leading medical journals},
  author={Austin, P.C. and Manca, A. and Zwarenstein, M. and Juurlink, D.N. and Stanbrook, M.B.},
  journal={Journal of Clinical Epidemiology},
  volume={63},
  number={2},
  pages={142--153},
  year={2010},
  publisher={Elsevier}
}

@book{banerjee2008caveats,
  title={Caveats in the Meta-analyses of Continuous Data: A Simulation Study},
  author={Banerjee, S. and Chen, L. and Wells, G.A.},
  year={2008},
  publisher={Canadian Agency for Drugs and Technologies in Health}
}



@article{beach1989choosing,
  title={Choosing covariates in the analysis of clinical trials},
  author={Beach, M.L. and Meier, P.},
  journal={Controlled Clinical Trials},
  volume={10},
  number={4},
  pages={161--175},
  year={1989},
  publisher={Elsevier}
}

@article{van2019new,
  title={A new justification of the Hartung-Knapp method for random-effects meta-analysis based on weighted least squares regression},
  author={Van Aert, Robbie CM and Jackson, Dan},
  journal={Research Synthesis Methods},
  volume={10},
  number={4},
  pages={515--527},
  year={2019},
  publisher={Wiley Online Library}
}

@ARTICLE{Einstein1906,
  author = {Einstein, A.},
  title = {Eine neue {Bestimmung} der {Molek\"uldimensionen}},
  journal = {Annalen der Physik},
  year = {1906},
  volume = {324},
  pages = {289--306},
  number = {2},
  doi = {10.1002/andp.19063240204},
  url = {http://dx.doi.org/10.1002/andp.19063240204}
}
@book {MR1039321,
    AUTHOR = {Engelking, Ryszard},
     TITLE = {General topology},
    SERIES = {Sigma Series in Pure Mathematics},
    VOLUME = {6},
   EDITION = {Second},
      NOTE = {Translated from the Polish by the author},
 PUBLISHER = {Heldermann Verlag}, 
   ADDRESS = {Berlin},
      YEAR = {1989},
     PAGES = {viii+529},
      ISBN = {3-88538-006-4},
   MRCLASS = {54-01 (54-02)},
  MRNUMBER = {1039321},
MRREVIEWER = {Gary Gruenhage},
}
		
@article {MR3860876,
    AUTHOR = {Hart, Klaas Pieter},
     TITLE = {Brouwer and cardinalities},
   JOURNAL = {Indag. Math. (N.S.)},
  FJOURNAL = {Koninklijke Nederlandse Akademie van Wetenschappen.
              Indagationes Mathematicae. New Series},
    VOLUME = {29},
      YEAR = {2018},
    NUMBER = {6},
     PAGES = {1555--1564},
      ISSN = {0019-3577},
   MRCLASS = {03F55 (01A75 03E10 03E50 03E70)},
  MRNUMBER = {3860876},
MRREVIEWER = {Robert S. Lubarsky},
       DOI = {10.1016/j.indag.2017.12.008},
       URL = {https://doi.org/10.1016/j.indag.2017.12.008},
}

@book{MR3204729,
     TITLE = {Recent progress in general topology. {III}},
    EDITOR = {Hart, K. P. and van Mill, J. and Simon, P.},
 PUBLISHER = {Atlantis Press, Paris},
      YEAR = {2014},
     PAGES = {viii+903},
      ISBN = {978-94-6239-023-2},
   MRCLASS = {54-06},
  MRNUMBER = {3204729},
       DOI = {10.2991/978-94-6239-024-9},
       URL = {https://doi.org/10.2991/978-94-6239-024-9},
}
		
@incollection{akaike1998information,
  title={Information theory and an extension of the maximum likelihood principle},
  author={Akaike, Hirotogu},
  booktitle={Selected papers of Hirotugu Akaike},
  pages={199--213},
  year={1998},
  publisher={Springer}
}

@misc{Base9.3ProceduresGuide2011,
author = {{Base 9.3 Procedures Guide}},
publisher = {Cary, NC, USA},
title = {{SAS Institute Inc}},
year = {2011}
}

@misc{stata,
author = {{StataCorp}},
publisher = {College Station, TX: StataCorp LLC},
title = {{Stata Statistical Software: Release 16}},
year = {2019},
}


@misc{regress,
author = {{StataCorp}},
publisher = {College Station, TX: StataCorp LLC},
title = {{regress: Linear Regression, Stata Base Refence Manual Release 13}},
year = {2019},
url ={https://www.stata.com/manuals13/r.pdf#rregress}
}


@article{BrockwellSEGordon2001,
author = {{Brockwell, SE Gordon}, IR},
journal = {Statistics in Medicine},
number = {6},
pages = {825--840},
title = {{A comparison of statistical methods for meta-analysis.}},
volume = {20},
year = {2001}
}

@article{brown1994application,
  title={The application of REML in clinical trials},
  author={Brown, H.K. and Kempton, R.A.},
  journal={Statistics in Medicine},
  volume={13},
  number={16},
  pages={1601--1617},
  year={1994},
  publisher={Wiley Online Library}
}

@article{BurnhamK.P.Anderson2004,
author={Burnham, Kenneth P and Anderson, David R},
journal = {Sociological Methods and Research},
pages = {261--304},
title = {{Multimodal inference: Understanding AIC and BIC in model selection}},
volume = {33},
year = {2004}
}

@article{chung2013avoiding,
  title={Avoiding zero between-study variance estimates in random-effects meta-analysis},
  author={Chung, Y. and Rabe-Hesketh, S. and Choi, I-H.},
  journal={Statistics in Medicine},
  volume={32},
  number={23},
  pages={4071--4089},
  year={2013},
  publisher={Wiley Online Library}
}

@book{CooperHarris;HedgesLarryandValentine2009,
author={Cooper, Harris and Hedges, Larry V and Valentine, Jeffrey C},
publisher = {Russell Sage Foundation},
title = {{The Handbook of Research Synthesis and Meta-analysis}},
year = {2009}
}

@misc{Copenhagen:TheNordicCochraneCentre2014,
author = {{Copenhagen: The Nordic Cochrane Centre}, The Cochrane Collaboration},
title = {{Review Manager (RevMan)}},
year = {2014}
}

@article{DebrayThomasP.A.MoonsK.2013,
author = {et al. {Debray, T.P.A., and Moons, K.}},
journal = {Plos One},
pages = {1--10},
title = {{Individual Participant Data Meta-Analysis for a Binary Outcome: One-Stage or Two-Stage?}},
volume = {8},
year = {2013}
}

@article{Debray2015,
author={Debray, Thomas PA and Moons, Karel GM and van Valkenhoef, Gert and Efthimiou, Orestis and Hummel, Noemi and Groenwold, Rolf HH and Reitsma, Johannes B and GetReal Methods Review Group},
journal = {Research Synthesis Methods},
volume={6},
number={4},
pages={293--309},
title = {Get real in individual participant data (IPD) meta-analysis: a review of the methodology},
year = {2015}
}

@article{debray2015get,
  title={Get real in individual participant data (IPD) meta-analysis: a review of the methodology},
  author={Debray, T.P.A. and Moons, Karel GM and van Valkenhoef, Gert and Efthimiou, Orestis and Hummel, Noemi and Groenwold, Rolf HH and Reitsma, Johannes B and GetReal Methods Review Group},
  journal={Research Synthesis Methods},
  volume={6},
  number={4},
  pages={293--309},
  year={2015},
  publisher={Wiley Online Library}
}

@book{fitzmaurice2012applied,
  title={Applied longitudinal analysis},
  author={Fitzmaurice, G.M. and Laird, N.M. and Ware, J.H},
  volume={998},
  year={2012},
  publisher={John Wiley \& Sons}
}

@article{Follmann1999,
author = {Follmann, D.A. and Proschan, M.A.},
doi = {10.2307/2533597},
journal = {Biometrics},
number = {3},
pages = {732--7},
pmid = {11315000},
title = {{Valid inference in random effects meta-analysis.}},
url = {http://www.ncbi.nlm.nih.gov/pubmed/11315000},
volume = {55},
year = {1999}
}

@article{Guolo2012,
author = {Guolo, Annamaria},
journal = {Statistics in Medicine},
number = {4},
pages = {317--323},
title = {{Higher-order likelihood inference in meta-analysis and meta-regression}},
volume = {31},
year = {2012}
}

@article{guyot2012enhanced,
  title={Enhanced secondary analysis of survival data: reconstructing the data from published Kaplan-Meier survival curves},
  author={Guyot, Patricia and Ades, AE and Ouwens, Mario JNM and Welton, Nicky J},
  journal={BMC Medical Research Methodology},
  volume={12},
  number={1},
  pages={9},
  year={2012},
  publisher={BioMed Central}
}

@article{hamza2008binomial,
  title={The binomial distribution of meta-analysis was preferred to model within-study variability},
   author={Hamza, Taye H and van Houwelingen, Hans C and Stijnen, Theo},
  journal={Journal of Clinical Epidemiology},
  volume={61},
  number={1},
  pages={41--51},
  year={2008},
  publisher={Elsevier}
}

@article{S1996,
author={Hardy, Rebecca J and Thompson, Simon G},
journal = {Statistics in Medicine},
number = {6},
pages = {619--629},
title = {{A likelihood approach to meta-analysis with random effects}},
volume = {15},
year = {1996}
}

@article{HartungJ.Knapp2001,
author={Hartung, Joachim and Knapp, Guido},
journal = {Statistics in Medicine},
number = {12},
pages = {1771--1782},
title = {{On tests of the overall treatment effect in meta-analysis with normally distributed responses.}},
volume = {20},
year = {2001}
}


@article{HigginsJThompsonSDeeksJ2002,
author={Higgins, Julian and Thompson, Simon and Deeks, Jonathan and Altman, Douglas},
journal = {J Health Serv Res Policy},
number = {1},
pages = {51--61},
title = {{Statistical heterogeneity in systematic reviews of clinical trials: a critical appraisal of guidelines and practice}},
volume = {7},
year = {2002}
}

@article{higgins2009re,
  title={{A re-evaluation of random-effects meta-analysis}},
  author={Higgins, Julian PT and Thompson, Simon G and Spiegelhalter, David J},
  journal={Journal of the Royal Statistical Society: Series A (Statistics in Society)},
  volume={172},
  number={1},
  pages={137--159},
  year={2009},
  publisher={Wiley Online Library}
}

@article{HigginsJ.P.T.WhiteheadA.TurnerR.OmarR.Z.Thompson2001,
author={Higgins, Julian PT and Whitehead, Anne and Turner, Rebecca M and Omar, Rumana Z and Thompson, Simon G},
journal = {Statistics in Medicine},
pages = {2219--2241},
title = {{Meta-analysis of continuous outcome data from individual patients}},
volume={20},
number={15},
year = {2001}
}

@article{higgins2002quantifying,
  title={Quantifying heterogeneity in a meta-analysis},
    author={Higgins, Julian PT and Thompson, Simon G},
  journal={Statistics in Medicine},
  volume={21},
  number={11},
  pages={1539--1558},
  year={2002},
  publisher={Wiley Online Library}
}

@article{Knapp2003,
author={Knapp, Guido and Hartung, Joachim},
doi    = {10.1002/sim.1482},
journal  = {Statistics in Medicine},
keywords = {Heterogeneity, Meta-analysis,Meta-regression,Trial-specific covariate},
number = {17},
pages = {2693--2710},
pmid = {12939780},
title = {{Improved tests for a random effects meta-regression with a single covariate}},
volume = {22},
year = {2003}
}

@article{da2014plasma,
  title={Plasma nutrient status of patients with Alzheimer's disease: systematic review and meta-analysis},
  author={da Silva, Sofia Lopes and Vellas, Bruno and Elemans, Saskia and Luchsinger, Jos{\'e} and Kamphuis, Patrick and Yaffe, Kristine and Sijben, John and Groenendijk, Martine and Stijnen, Theo},
  journal={Alzheimer's \& Dementia},
  volume={10},
  number={4},
  pages={485--502},
  year={2014},
  publisher={Elsevier}
}


@book{Borenstein2009,
  title={Introduction to Meta-Analysis},
  author={Borenstein, M. and Hedges, L.V. and Higgins, J.P.T and Rothstein, H.},
  year={2009},
  publisher={John Wiley \& Sons, Ltd}
}

@article{Paule1982,
author={Paule, Robert C and Mandel, John},
journal = {Journal of Research of the National Bureau of Standards},
number = {5},
pages = {377--385},
title = {{Consensus Values and Weighting Factors}},
volume = {87},
year = {1982}
}

@article{raudenbush2009analyzing,
  title={Analyzing effect sizes: Random-effects models},
  author={Raudenbush, S.W.},
  journal={The Handbook of Research Synthesis and Meta-Analysis},
  volume={2},
  pages={295--316},
  year={2009}
}

@misc{RStudioTeam2015,
author    = {RStudio Team},
publisher = {RStudio, Inc.},
title = {{RStudio: Integrated Development for R}},
url = {http://www.rstudio.com/},
year = {2015}
}

@article{simmonds2005meta,
  title={Meta-analysis of individual patient data from randomized trials: a review of methods used in practice},
  author={Simmonds, Mark C and Higgins, Julian PT and Stewart, Lesley A and Tierney, Jayne F and Clarke, Mike J and Thompson, Simon G},
  journal={Clinical Trials},
  volume={2},
  number={3},
  pages={209--217},
  year={2005},
  publisher={Sage Publications Sage CA: Thousand Oaks, CA}
}

@article{simmonds2016general,
  title={A general framework for the use of logistic regression models in meta-analysis},
  author={Simmonds, Mark C and Higgins, Julian PT},
  journal={Statistical Methods in Medical Research},
  volume={25},
  number={6},
  pages={2858--2877},
  year={2016},
  publisher={SAGE Publications Sage UK: London, England}
}

@article{StewartLAClarkeMJ1995,
author={Stewart, Lesley A and Cochrane Working Group On Meta-Analysis Using Individual Patient Data},
journal = {Statistics in Medicine},
pages = {2057--79},
title = {{Practical methodology of meta-analyses (overviews) using updated individual patient data}},
volume = {14},
year = {1995}
}

@article{StijnenT.HamzaTH.OzdemirP.2010,
author={Stijnen, Theo and Hamza, Taye H and {\"O}zdemir, Pinar},
journal = {Statistics in Medicine},
pages = {3046--3067},
title = {{Random effects meta-analysis of event outcome in the framework of the generalized linear mixed model with applications in sparse data}},
volume = {29},
year = {2010}
}


@article{SuttonAJCooperNJ2009,
author = {{Sutton, AJ.,  and Cooper, NJ.}, and Jones, DR},
doi = {10.1186/1471-2288-9-29},
journal = {BMC Medical Research Methodology},
number = {29},
title = {{Evidence synthesis as the key to more coherent and efficient researchtle}},
volume = {9},
year = {2009}
}

@Manual{,
    title = {R: A Language and Environment for Statistical Computing},
    author = {{R Core Team}},
    organization = {R Foundation for Statistical Computing},
    address = {Vienna, Austria},
    year = {2013},
    url = {http://www.R-project.org/},
}
  
@article{Turner2000,
 author={Turner, R.M. and Rumana, RZ and Yang, M and Goldstein, H and Thompson, S.G.},
journal = {Statistics in Medicine},
pages = {3417--3432},
title = {{Multilevel models for meta-analysis of clinical trials with binary outcomes}},
volume = {19},
year = {2000}
}

@article{VanHouwelingenHC.ZwindermanKH.Stijnen1993,
author = {{van Houwelingen, H.C., and Zwinderman, K.H.,  and Stijnen}, T.},
journal = {Statistics in Medicine},
pages = {2273--2284},
title = {{A bivariate approach to meta-analysis}},
volume = {12},
year = {1993}
}

@article{Viechtbauer2010,
author = {Viechtbauer, W.},
journal = {Journal of Statistical Software},
number = {3},
pages = {1--48},
title = {{Conducting meta-analysis in R with the metafor package}},
url = {http://www.jstatsoft.org/v36/i03/},
volume = {36},
year = {2010}
}

@article{whitehead2001meta,
  title={Meta-analysis of ordinal outcomes using individual patient data},
  author={Whitehead, Anne and Omar, Rumana Z and Higgins, Julian PT and Savaluny, Elly and Turner, Rebecca M and Thompson, Simon G},
  journal={Statistics in Medicine},
  volume={20},
  number={15},
  pages={2243--2260},
  year={2001},
  publisher={Wiley Online Library}
}

@article{Woolf1995,
author = {Woolf, B.},
journal = {Annals of Human Genetics},
number = {4},
pages = {251--253},
title = {{On estimating the relation between blood group and disease}},
volume = {19},
year = {1995}
}

@article{pinheiro2017package,
  title={Package ‘nlme’},
  author={Pinheiro, J. and Bates, Douglas and DebRoy, Saikat and Sarkar, Deepayan and Heisterkamp, Siem and Van Willigen, Bert and Maintainer, R},
  journal={Linear and nonlinear mixed effects models, version},
  volume={3},
  number={1},
  year={2017}
}

@article{lebrec2010dealing,
  title={Dealing with heterogeneity between cohorts in genomewide SNP association studies},
  author={Lebrec, Jeremie J and Stijnen, Theo and van Houwelingen, Hans C},
  journal={Statistical Applications in Genetics and Molecular Biology},
  volume={9},
  number={1},
  year={2010}
}

@article{sharp1996relation,
  title={The relation between treatment benefit and underlying risk in meta-analysis.},
  author={Sharp, Stephen J and Thompson, Simon G and Altman, Douglas G},
  journal={BMJ: British Medical Journal},
  volume={313},
  number={7059},
  pages={735},
  year={1996},
  publisher={BMJ Group}
}

@article{mcintosh1996population,
  title={The population risk as an explanatory variable in research synthesis of clinical trials},
  author={McIntosh, M.W.},
  journal={Statistics in Medicine},
  volume={15},
  number={16},
  pages={1713--1728},
  year={1996},
  publisher={Wiley Online Library}
}

@article{van2002advanced,
  title={Advanced methods in meta-analysis: multivariate approach and meta-regression},
   author={Van Houwelingen, Hans C and Arends, Lidia R and Stijnen, Theo},
  journal={Statistics in Medicine},
  volume={21},
  number={4},
  pages={589--624},
  year={2002},
  publisher={Wiley Online Library}
}

@article{laird1990some,
  title={Some statistical methods for combining experimental results},
  author={Laird, N., and Mosteller, F},
  journal={International Journal of Technology Assessment in Health Care},
  volume={6},
  number={1},
  pages={5--30},
  year={1990},
  publisher={Cambridge University Press}
}

@article{jacsonStatMed,
  title={A comparison of seven random-effects models for meta-analyses that estimate the summary odds ratio},
  author={Jackson, D. and Law, Martin and Stijnen, Theo and Viechtbauer, W. and White, I.R.},
  journal={Statistics in Medicine},
  volume={37},
  number={7},
  pages={1059--1085},
  year={2018},
  publisher={Wiley Online Library}
}

@article{stewart2012statistical,
  title={Statistical analysis of individual participant data meta-analyses: a comparison of methods and recommendations for practice},
  author={Stewart, G.B. and Altman, Douglas G and Askie, Lisa M and Duley, Lelia and Simmonds, Mark C and Stewart, L.A.},
  journal={PLOS ONE},
  volume={7},
  number={10},
  pages={e46042},
  year={2012},
  publisher={Public Library of Science}
}

@article{debray2013individual,
  title={Individual participant data meta-analysis for a binary outcome: one-stage or two-stage?},
  author={Debray, T.P.A and Moons, Karel GM and Abo-Zaid, Ghada Mohammed Abdallah and Koffijberg, Hendrik and Riley, R.D.},
  journal={PLOS ONE},
  volume={8},
  number={4},
  pages={e60650},
  year={2013},
  publisher={Public Library of Science}
}

@article{langan2015empirical,
  title={An empirical comparison of heterogeneity variance estimators in 12 894 meta-analyses},
  author={Langan, Dean and Higgins, Julian PT and Simmonds, Mark},
  journal={Research Synthesis Methods},
  volume={6},
  number={2},
  pages={195--205},
  year={2015},
  publisher={Wiley Online Library}
}


@article{hartung2003reducing,
  title={Reducing the number of unjustified significant results in meta-analysis},
  author={Hartung, J. and Makambi, K.H.},
  journal={Communications in Statistics-Simulation and Computation},
  volume={32},
  number={4},
  pages={1179--1190},
  year={2003},
  publisher={Taylor \& Francis}
}

@article{sidik2005simple,
  title={Simple heterogeneity variance estimation for meta-analysis},
  author={Sidik, K. and Jonkman, J.N.},
  journal={Journal of the Royal Statistical Society: Series C (Applied Statistics)},
  volume={54},
  number={2},
  pages={367--384},
  year={2005},
  publisher={Wiley Online Library}
}

@article{riley2008meta,
  title={Meta-analysis of continuous outcomes combining individual patient data and aggregate data},
  author={Riley, Richard D and Lambert, Paul C and Staessen, Jan A and Wang, Jiguang and Gueyffier, Francois and Thijs, Lutgarde and Boutitie, Florent},
  journal={Statistics in Medicine},
  volume={27},
  number={11},
  pages={1870--1893},
  year={2008},
  publisher={Wiley Online Library}
}

@article{legha2018individual,
  title={Individual participant data meta-analysis of continuous outcomes: A comparison of approaches for specifying and estimating one-stage models},
  author={Legha, A. and Riley, Richard D and Ensor, Joie and Snell, Kym IE and Morris, Tim P and Burke, D.L.},
  journal={Statistics in Medicine},
  volume={37},
  number={4},
  pages={4404--4420},
  year={2018},
  publisher={Wiley Online Library}
}

@article{papadimitropoulou2019one,
  title={One-stage random effects meta-analysis using linear mixed models for aggregate continuous outcome data},
  author={Papadimitropoulou, K. and Stijnen, Theo and Dekkers, Olaf M and le Cessie, Saskia},
  journal={Research Synthesis Methods},
  volume={10},
  number={3},
  pages={360--375},
  year={2019},
  publisher={Wiley Online Library}
}

@article{wang2005systolic,
  title={Systolic and diastolic blood pressure lowering as determinants of cardiovascular outcome},
  author={Wang, J-G. and Staessen, Jan A and Franklin, Stanley S and Fagard, Robert and Gueyffier, Fran{\c{c}}ois},
  journal={Hypertension},
  volume={45},
  number={5},
  pages={907--913},
  year={2005},
  publisher={Am Heart Assoc}
}

@article{gueyffier1995indana,
  title={INDANA: a meta-analysis on individual patient data in hypertension. Protocol and preliminary results.},
   author={Gueyffier, F. and Boutitie, F. and Boissel, J.P. and Coope, J. and Cutler, J. and Ekbom, T. and Fagard, Robert and Friedman, L. and Perry, H.M. and Pocock, S.},
   journal={Therapie},
  volume={50},
  number={4},
  pages={353--362},
  year={1995}
}

@article{liu1998comparison,
  title={Comparison of active treatment and placebo in older Chinese patients with isolated systolic hypertension},
  author={Liu, L. and Wang, Ji Guang and Gong, Lansheng and Liu, Guozhang and Staessen, Jan A and others},
  journal={Journal of Hypertension},
  volume={16},
  number={12},
  pages={1823--1829},
  year={1998},
  publisher={LWW}
}


@article{staessen1997randomised,
  title={Randomised double-blind comparison of placebo and active treatment for older patients with isolated systolic hypertension},
  author={Staessen, J.A. and Fagard, Robert and Thijs, Lutgarde and Celis, Hilde and Arabidze, Guramy G and Birkenh{\"a}ger, Willem H and Bulpitt, Christopher J and De Leeuw, Peter W and Dollery, Colin T and Fletcher, A.E. and others},
  journal={The Lancet},
  volume={350},
  number={9080},
  pages={757--764},
  year={1997},
  publisher={Elsevier}
}

@article{amery1985mortality,
  title={Mortality and morbidity results from the European Working Party on High Blood Pressure in the Elderly trial},
  author={Amery, A. and Brixko, P. and Clement, D. and De Schaepdryver, A. and Fagard, R. and Forte, J. and Henry, J.F. and Leonetti, G. and O'Malley, K. and Strasser, T. and others},
  journal={The Lancet},
  volume={325},
  number={8442},
  pages={1349--1354},
  year={1985},
  publisher={Elsevier}
}

@article{riley2010meta,
  title={Meta-analysis of individual participant data: rationale, conduct, and reporting},
   author={Riley, Richard D and Lambert, Paul C and Abo-Zaid, Ghada},
  journal={BMJ: British Medical Journal},
  volume={340},
  pages={c221},
  year={2010},
  publisher={British Medical Journal Publishing Group}
}

@article{riley2013meta,
  title={Meta-analysis of randomised trials with a continuous outcome according to baseline imbalance and availability of individual participant data},
  author={Riley, Richard D and Kauser, Iram and Bland, Martin and Thijs, Lutgarde and Staessen, Jan A and Wang, Jiguang and Gueyffier, Francois and Deeks, Jonathan J},
  journal={Statistics in Medicine},
  volume={32},
  number={16},
  pages={2747--2766},
  year={2013},
  publisher={Wiley Online Library}
}

@article{satterthwaite1946approximate,
  title={An approximate distribution of estimates of variance components},
  author={Satterthwaite, F.E.},
  journal={Biometrics Bulletin},
  volume={2},
  number={6},
  pages={110--114},
  year={1946},
  publisher={JSTOR}
}


@article{bland1994regression,
  title={Regression towards the mean.},
  author={Bland, J Martin and Altman, Douglas G},
  journal={BMJ: British Medical Journal},
  volume={308},
  number={6942},
  pages={1499},
  year={1994},
  publisher={BMJ Publishing Group}
}

@article{bland1994statistics,
  title={Statistics notes: some examples of regression towards the mean},
  author={Bland, J.M. and Altman, D.G.},
   journal={BMJ: British Medical Journal},
  volume={309},
  number={6957},
  pages={780},
  year={1994},
   publisher={BMJ Publishing Group}
}

@article{vickers2001analysing,
  title={Analysing controlled trials with baseline and follow up measurements},
  author={Vickers, A.J. and Altman, D.G.},
  journal={BMJ: British Medical Journal},
  volume={323},
  number={7321},
  pages={1123--1124},
  year={2001},
  publisher={British Medical Journal Publishing Group}
}

@article{paccagnella2011sample,
  title={Sample size and accuracy of estimates in multilevel models},
  author={Paccagnella, O.},
  journal={Methodology},
  year={2011},
  publisher={Hogrefe Publishing}
}

@article{kenward1997small,
  title={Small sample inference for fixed effects from restricted maximum likelihood},
  author={Kenward, M.G. and Roger, J.H.},
  journal={Biometrics},
  pages={983--997},
  year={1997},
  publisher={JSTOR}
}

@article{berlin2002individual,
  title={Individual patient-versus group-level data meta-regressions for the investigation of treatment effect modifiers: ecological bias rears its ugly head},
  author={Berlin, J.A. and Santanna, Jill and Schmid, Christopher H and Szczech, Lynda A and Feldman, Harold I},
  journal={Statistics in Medicine},
  volume={21},
  number={3},
  pages={371--387},
  year={2002},
  publisher={Wiley Online Library}
}

@article{riley2015multivariate,
  title={Multivariate meta-analysis using individual participant data},
  author={Riley, RD and Price, MJ and Jackson, D and Wardle, M and Gueyffier, Fran{\c{c}}ois and Wang, J and Staessen, Jan A and White, IR},
  journal={Research Synthesis Methods},
  volume={6},
  number={2},
  pages={157--174},
  year={2015},
  publisher={Wiley Online Library}
}

@article{hua2017one,
  title={One-stage individual participant data meta-analysis models: estimation of treatment-covariate interactions must avoid ecological bias by separating out within-trial and across-trial information},
  author={Hua, H. and Burke, Danielle L and Crowther, Michael J and Ensor, Joie and Tudur Smith, Catrin and Riley, Richard D},
  journal={Statistics in Medicine},
  volume={36},
  number={5},
  pages={772--789},
  year={2017},
  publisher={Wiley Online Library}
}

@article{burke2017meta,
  title={Meta-analysis using individual participant data: one-stage and two-stage approaches, and why they may differ},
  author={Burke, D.L. and Ensor, J. and Riley, R.D.},
  journal={Statistics in Medicine},
  volume={36},
  number={5},
  pages={855--875},
  year={2017},
  publisher={Wiley Online Library}
}

@article{trowman2007impact,
  title={The impact of trial baseline imbalances should be considered in systematic reviews: a methodological case study},
  author={Trowman, R. and Dumville, Jo C and Torgerson, David J and Cranny, Gillian},
  journal={Journal of Clinical Epidemiology},
  volume={60},
  number={12},
  pages={1229--1233},
  year={2007},
  publisher={Elsevier}
}

@article{trowman2006systematic,
  title={A systematic review of the effects of calcium supplementation on body weight},
  author={Trowman, R. and Dumville, Jo C and Hahn, Seokyung and Torgerson, David J},
  journal={British Journal of Nutrition},
  volume={95},
  number={6},
  pages={1033--1038},
  year={2006},
  publisher={Cambridge University Press}
}

@article{senn1994testing,
  title={Testing for baseline balance in clinical trials},
  author={Senn, S.},
  journal={Statistics in Medicine},
  volume={13},
  number={17},
  pages={1715--1726},
  year={1994},
  publisher={Wiley Online Library}
}

@article{senn2014baseline,
  title={Baseline adjustment in longitudinal studies},
  author={Senn, S.},
  journal={Wiley StatsRef: Statistics Reference Online},
  year={2014},
  publisher={Wiley Online Library}
}



@article{laird1983further,
  title={Further comparative analyses of pretest-posttest research designs},
  author={Laird, N.},
  journal={The American Statistician},
  volume={37},
  number={4a},
  pages={329--330},
  year={1983},
  publisher={Taylor \& Francis}
}

@article{senn2006change,
  title={Change from baseline and analysis of covariance revisited},
  author={Senn, S.},
  journal={Statistics in Medicine},
  volume={25},
  number={24},
  pages={4334--4344},
  year={2006},
  publisher={Wiley Online Library}
}

@book{rosenberger2015randomization,
  title={Randomization in clinical trials: theory and practice},
  author={Rosenberger, W.F. and Lachin, J.M.},
  year={2015},
  publisher={John Wiley \& Sons}
}

@article{schulz2002allocation,
  title={Allocation concealment in randomised trials: defending against deciphering},
  author={Schulz, K.F. and Grimes, D.A.},
  journal={The Lancet},
  volume={359},
  number={9306},
  pages={614--618},
  year={2002},
  publisher={Elsevier}
}

@article{begg1990significance,
  title={Significance tests of covariate imbalance in clinical trials},
  author={Begg, C.B.},
  journal={Controlled Clinical Trials},
  volume={11},
  number={4},
  pages={223--225},
  year={1990},
  publisher={Elsevier}
}


@article{balk2011diagnosis,
  title={Diagnosis and treatment of obstructive sleep apnea in adults},
  author={Balk, E.M. and Moorthy, Denish and Obadan, Ndidiamaka O and Patel, Kamal and Ip, Stanley and Chung, Mei and Bannuru, Raveendhara R and Kitsios, Georgios D and Sen, Srila and Iovin, Ramon C and others},
  year={2011},
  publisher={Agency for Healthcare Research and Quality (US), Rockville (MD)}
}


@article{viechtbauer2010conducting,
  title={Conducting meta-analyses in R with the metafor package},
  author={Viechtbauer, W.},
  journal={Journal of Statistical Software},
  volume={36},
  number={3},
  pages={1--48},
  year={2010},
  publisher={UCLA Statistics}
}

@article{regulation2016regulation,
  title={Regulation (EU) 2016/679 of the European Parliament and of the Council of 27 April 2016 on the Protection of Natural Persons with Regard to the Processing of Personal Data and on the Free Movement of Such Data, and Repealing Directive 95/46/EC (General Data Protection Regulation), retrieved Sept. 18, 2018},
  author={Regulation, General Data Protection},
  journal={Available from Internet:< https://ec. europa. eu/info/law/law-topic/data-protection/reform/what-doesgeneral-data-protection-regulation-gdpr-govern\_en},
  year={2016}
}

@article{senn1993baseline,
  title={Baseline distribution and conditional size},
  author={Senn, S.},
  journal={Journal of Biopharmaceutical Statistics},
  volume={3},
  number={2},
  pages={265-276},
  year={1993},
  publisher={Taylor \& Francis}
}

@article{wei2001analysis,
  title={Analysis of data with imbalance in the baseline outcome variable for randomized clinical trials},
  author={Wei, L. and Zhang, J.},
  journal={Drug Information Journal},
  volume={35},
  number={4},
  pages={1201--1214},
  year={2001},
  publisher={SAGE Publications Sage CA: Los Angeles, CA}
}


@article{mckenzie2016impact,
  title={Impact of analysing continuous outcomes using final values, change scores and analysis of covariance on the performance of meta-analytic methods: a simulation study},
  author={McKenzie, J.E. and Herbison, G.P. and Deeks, J.J.},
  journal={Research Synthesis Methods},
  volume={7},
  number={4},
  pages={371--386},
  year={2016},
  publisher={Wiley Online Library}
}

@article{morris2002combining,
  title={Combining effect size estimates in meta-analysis with repeated measures and independent-groups designs.},
  author={Morris, S.B. and DeShon, R.P.},
  journal={Psychological Methods},
  volume={7},
  number={1},
  pages={105},
  year={2002},
  publisher={American Psychological Association}
}

@article{higgins2011chapter,
  title={Chapter 16.3.2: Imputing standard deviations for changes from baseline},
  author={Higgins, Julian PT. and Green, S.},
  journal={Cochrane Handbook for Systematic Reviews of Interventions: Cochrane Book Series. Chichester, UK},
  year={2011}
}

@book{senn2008baselines,
  title={Baselines and covariate information. Statistical Issues in Drug Development},
  author={Senn, Stephen},
  year={2008},
   pages={95--102},
  publisher={John Wiley \& Sons}
}

@article{wiebe2006systematic,
  title={A systematic review identifies a lack of standardization in methods for handling missing variance data},
  author={Wiebe, N. and Vandermeer, Ben and Platt, Robert W and Klassen, Terry P and Moher, David and Barrowman, Nicholas J},
  journal={Journal of Clinical Epidemiology},
  volume={59},
  number={4},
  pages={342--353},
  year={2006},
  publisher={Elsevier}
}

@article{weir2018dealing,
  title={Dealing with missing standard deviation and mean values in meta-analysis of continuous outcomes: a systematic review},
  author={Weir, C.J. and Butcher, Isabella and Assi, Valentina and Lewis, Stephanie C and Murray, Gordon D and Langhorne, Peter and Brady, Marian C},
  journal={BMC Medical Research Methodology},
  volume={18},
  number={1},
  pages={25},
  year={2018},
  publisher={BioMed Central}
}

@book{sutton2000methods,
  title={Missing Data. in: Methods for meta-analysis in medical research},
  author={Sutton, A.J. and Abrams, Keith R and Jones, David R and Jones, David R and Sheldon, Trevor A and Song, Fujian},
  volume={348},
   pages={199--204},
  year={2000},
  publisher={Wiley Chichester}
  }
  
@book{whitehead2002dealing,
 title={Meta-Analysis of Controlled Clinical Trials},
 chapter={Dealing with non-standard data sets},
 author={Whitehead, A.},
 pages={215--240},
  year={2002},
  publisher={John Wiley \& Sons England}
}
 
@article{papadimitropoulou2020meta,
  title={Meta-analysis of continuous outcomes: using pseudo IPD created from aggregate data to adjust for baseline imbalance and assess treatment-by-baseline modification},
  author={Papadimitropoulou, K. and Stijnen, Theo and Riley, Richard D and Dekkers, Olaf M and le Cessie, Saskia},
 journal={Research Synthesis Methods},
  volume={11},
  number={6},
  pages={780--794},
  year={2020},
  publisher={Wiley Online Library}
}


@article{fu2013handling,
  title={Handling Continuous Outcomes in Quantitative Synthesis: Methods Guide for Effectiveness and Comparative Effectiveness Reviews (Prepared by the Oregon evidence-based practice center under Contract No. 290-2007-10057-I},
  author={Fu, R and Vandermeer, BW and Shamliyan, TA and O’Neil, ME and Yazdi, F and Fox, SH and Morton, SC},
  journal={Agency for Healthcare Research and Quality},
  year={2013}
}

@article{fu2016change,
  title={Change score or follow-up score? Choice of mean difference estimates could impact meta-analysis conclusions},
  author={Fu, R. and Holmer, H.K.},
  journal={Journal of Clinical Epidemiology},
  volume={76},
  pages={108--117},
  year={2016},
  publisher={Elsevier}
}

@article{riley2020individual,
  title={Individual participant data meta-analysis to examine interactions between treatment effect and participant-level covariates: Statistical recommendations for conduct and planning},
  author={Riley, Richard D and Debray, Thomas PA and Fisher, David and Hattle, Miriam and Marlin, Nadine and Hoogland, Jeroen and Gueyffier, Francois and Staessen, Jan A and Wang, Jiguang and Moons, Karel GM and others},
  journal={Statistics in Medicine},
  volume={39},
  number={15},
  pages={2115--2137},
  year={2020},
  publisher={Wiley Online Library}
}

@article{jensen2001bone,
  title={Bone mineral changes in obese women during a moderate weight loss with and without calcium supplementation},
  author={Jensen, L.B. and Kollerup, Gina and Quaade, Flemming and S{\O}Rensen, Ole Helmer},
  journal={Journal of Bone and Mineral Research},
  volume={16},
  number={1},
  pages={141--147},
  year={2001},
  publisher={Wiley Online Library}
}

@article{chee2003effect,
  title={The effect of milk supplementation on bone mineral density in postmenopausal Chinese women in Malaysia},
  author={Chee, W.S.S. and Suriah, AR and Chan, SP and Zaitun, Y and Chan, YM},
  journal={Osteoporosis International},
  volume={14},
  number={10},
  pages={828--834},
  year={2003},
  publisher={Springer}
}

@article{lau2001milk,
  title={Milk supplementation of the diet of postmenopausal Chinese women on a low calcium intake retards bone loss},
    author={Lau, E. M. C. and Woo, J. and Lam, V. and Hong, A.},
  journal={Journal of Bone and Mineral Research},
  volume={16},
  number={9},
  pages={1704--1709},
  year={2001},
  publisher={Wiley Online Library}
}

@article{zemel2004calcium,
  title={Calcium and dairy acceleration of weight and fat loss during energy restriction in obese adults},
  author={Zemel, M.B. and Thompson, Warren and Milstead, Anita and Morris, Kristin and Campbell, Peter},
  journal={Obesity Research},
  volume={12},
  number={4},
  pages={582--590},
  year={2004},
  publisher={Wiley Online Library}
}

@article{winters2004one,
  title={One year of oral calcium supplementation maintains cortical bone density in young adult female distance runners},
  author={Winters-Stone, K.M. and Snow, C.M.},
  journal={International Journal of Sport Nutrition and Exercise Metabolism},
  volume={14},
  number={1},
  pages={7--17},
  year={2004},
  publisher={Human Kinetics, Inc.}
}

@article{mavridis2020dealing,
  title={Dealing with missing outcome data in meta-analysis},
  author={Mavridis, D. and White, I.R.},
  journal={Research Synthesis Methods},
  volume={11},
  number={1},
  pages={2--13},
  year={2020},
  publisher={Wiley Online Library}
}

@article{ebrahim2013addressing,
  title={Addressing continuous data for participants excluded from trial analysis: a guide for systematic reviewers},
  author={Ebrahim, S. and Akl, Elie A and Mustafa, Reem A and Sun, Xin and Walter, Stephen D and Heels-Ansdell, Diane and Alonso-Coello, Pablo and Johnston, Bradley C and Guyatt, Gordon H},
  journal={Journal of Clinical Epidemiology},
  volume={66},
  number={9},
  pages={1014--1021},
  year={2013},
  publisher={Elsevier}
}

@article{borenstein2010basic,
  title={A basic introduction to fixed-effect and random-effects models for meta-analysis},
  author={Borenstein, M. and Hedges, L.V. and Higgins, J.P.T. and Rothstein, H.R.},
  journal={Research Synthesis Methods},
  volume={1},
  number={2},
  pages={97--111},
  year={2010},
  publisher={Wiley Online Library}
}

@article{bonofiglio2020recovery,
  title={Recovery of original individual person data (IPD) inferences from empirical IPD summaries only: Applications to distributed computing under disclosure constraints},
  author={Bonofiglio, F. and Schumacher, M. and Binder, H.},
  journal={Statistics in Medicine},
  volume={39},
  number={8},
  pages={1183--1198},
  year={2020},
  publisher={Wiley Online Library}
}

@article{senn2013seven,
  title={Seven myths of randomisation in clinical trials},
  author={Senn, Stephen},
  journal={Statistics in Medicine},
  volume={32},
  number={9},
  pages={1439--1450},
  year={2013},
  publisher={Wiley Online Library}
}

@article{borenstein2009effect,
  title={Effect sizes for continuous data},
  author={Borenstein, M. and Cooper, H. and Hedges, L. and Valentine, J.},
  journal={The Handbook of Research Synthesis and Meta-Analysis},
  volume={2},
  pages={221--235},
  year={2009}
}


@misc{coreR,
address = {Vienna, Austria},
author = {{R Core Team}},
publisher = {R Foundation for Statistical Computing},
title = {{R: A Language and Environment for Statistical Computing}},
url = {https://www.r-project.org},
year = {2013}
}

@article{sidik2002simple,
  title={A simple confidence interval for meta-analysis},
  author={Sidik, K. and Jonkman, J.N.},
  journal={Statistics in Medicine},
  volume={21},
  number={21},
  pages={3153--3159},
  year={2002},
  publisher={Wiley Online Library}
}

  
@article{fanshawe2019conducting,
  title={Conducting one-stage IPD meta-analysis: which approach should I choose?},
  author={Fanshawe, T.R. and Perera, R.},
  journal={BMJ Evidence-Based Medicine},
  volume={24},
  number={5},
  pages={190--190},
  year={2019},
  publisher={Royal Society of Medicine}
}

@Manual{nlme,
    title  = {{nlme}: Linear and Nonlinear Mixed Effects Models},
    author = {J. Pinheiro and Douglas Bates and Saikat DebRoy and
      Deepayan Sarkar and {R Core Team}},
    year = {2020},
    note = {R package version 3.1-145},
    url = {https://CRAN.R-project.org/package=nlme},
  }
  
  @article{turner1999multilevel,
  title={Multilevel models for meta analysis of clinical trials with binary outcomes},
  author={Turner, R.M. and Rumana, RZ and Yang, M and Goldstein, H and Thompson, S.G.},
  journal={Statistics in Medicine},
  year={1999}
}

@article{stewart2002ipd,
  title={To IPD or not to IPD? Advantages and disadvantages of systematic reviews using individual patient data},
  author={Stewart, L.A. and Tierney, J.F.},
  journal={Evaluation \& the Health Professions},
  volume={25},
  number={1},
  pages={76--97},
  year={2002},
  publisher={Sage Publications Sage CA: Thousand Oaks, CA}
}

@article{stewart2005systematic,
  title={Do systematic reviews based on individual patient data offer a means of circumventing biases associated with trial publications?},
  author={Stewart, L. and Tierney, J. and Burdett, S.},
  journal={Publication Bias in Meta-Analysis: Prevention, Assessment and Adjustments},
  pages={261--286},
  year={2005},
  publisher={Wiley Online Library}
}

@article{riley2010commentary,
  title={Commentary: like it and lump it? Meta-analysis using individual participant data},
   author={Riley, Richard D},
  journal={International Journal of Epidemiology},
  volume={39},
  number={5},
  pages={1359--1361},
  year={2010},
  publisher={Oxford University Press}
}

@article{lambert2002comparison,
  title={A comparison of summary patient-level covariates in meta-regression with individual patient data meta-analysis},
  author={Lambert, P.C. and Sutton, Alex J and Abrams, Keith R and Jones, David R},
  journal={Journal of Clinical Epidemiology},
  volume={55},
  number={1},
  pages={86--94},
  year={2002},
  publisher={Elsevier}
}

@Manual{rlanguage,
    title = {R: A Language and Environment for Statistical Computing},
    author = {{R Core Team}},
    organization = {R Foundation for Statistical Computing},
    address = {Vienna, Austria},
    year = {2013},
    url = {http://www.R-project.org/},
  }
  
@article{balk2012empirical,
  title={Empirical assessment of within-arm correlation imputation in trials of continuous outcomes},
  author={Balk, Ethan M and Earley, Amy and Patel, Kamal and Trikalinos, Thomas A and Dahabreh, Issa J},
  year={2012},
  publisher={Agency for Healthcare Research and Quality (US)}
}


@article{deeks2019analysing,
  title={Analysing data and undertaking meta-analyses},
  author={Deeks, Jonathan and Higgins, Julian PT and Altman, Douglas G and Cochrane Statistical Methods Group},
  journal={Cochrane handbook for systematic reviews of interventions},
  pages={241--284},
  year={2019},
  publisher={Wiley Online Library}
}

@article{dersimonian1986meta,
  title={Meta-analysis in clinical trials},
  author={DerSimonian, R. and Laird, N.},
  journal={Controlled Clinical Trials},
  volume={7},
  number={3},
  pages={177--188},
  year={1986},
  publisher={Elsevier}
}

@article{akaike1973information,
  title={Information theory and an extension of the maximum likelihood principle, in Proceeding of 2nd International Symposium on Information Theory},
  author={Akaike, H.},
  year={1973}
}

@book{ggplotref,
    author = {Wickham, H.},
    title = {ggplot2: Elegant Graphics for Data Analysis},
    publisher = {Springer-Verlag New York},
    year = {2016},
    isbn = {978-3-319-24277-4},
    url = {https://ggplot2.tidyverse.org},
  }
  
@article{gruenberg2005classification,
  title={Classification of depression: research and diagnostic criteria: DSM-IV and ICD-10},
  author={Gruenberg, A.M. and Goldstein, R.D. and Pincus, H.A.},
  journal={Biology of Depression},
  volume={11},
  pages={43},
  year={2005},
  publisher={Wiley-Blackwell}
}

@article{papadimitropoulou2017comparative,
  title={Comparative efficacy and tolerability of pharmacological and somatic interventions in adult patients with treatment-resistant depression: a systematic review and network meta-analysis},
  author={Papadimitropoulou, K. and Vossen, Carla and Karabis, Andreas and Donatti, Christina and Kubitz, Nicole},
  journal={Current Medical Research and Opinion},
  volume={33},
  number={4},
  pages={701--711},
  year={2017},
  publisher={Taylor \& Francis}
}

@article{Akl2015,
author = {Akl, E.A. and Kahale, Lara A. and Agoritsas, Thomas and Brignardello-Petersen, Romina and Busse, Jason W. and Carrasco-Labra, Alonso and Ebrahim, Shanil and Johnston, Bradley C. and Neumann, Ignacio and Sola, Ivan and Sun, Xin and Vandvik, Per and Zhang, Yuqing and Alonso-Coello, Pablo and Guyatt, Gordon},
doi = {10.1186/s13643-015-0083-6},
isbn = {1364301500836},
issn = {20464053},
journal = {Systematic Reviews},
keywords = {Meta-analysis,Missing participant data,Systematic reviews},
number = {1},
pmid = {26202162},
publisher = {Systematic Reviews},
title = {{Handling trial participants with missing outcome data when conducting a meta-analysis: A systematic survey of proposed approaches}},
url = {http://dx.doi.org/10.1186/s13643-015-0083-6},
volume = {4},
year = {2015}
}

@book{higgins2019cochrane,
  title={Cochrane handbook for systematic reviews of interventions},
  author={Higgins, Julian PT and Thomas, James and Chandler, Jacqueline and Cumpston, Miranda and Li, Tianjing and Page, Matthew J and Welch, V.A.},
  year={2019},
  publisher={John Wiley \& Sons}
}

%----------------- For intro --------------%

@article{daly2021nice,
  title={NICE TSU Guideline Methodology Document 2: Meta-Analysis of Continuous Outcomes},
  author={Daly, C. and Welton, N.J. and Dias, S. and Anwer, S. and Ades, A.E.},
  year={2021},
  publisher={National Institute for Health and Clinical Excellence}
}


@Manual{Rstudiocite, 
title = {RStudio: Integrated Development Environment for R}, 
author = {RStudioTeam}, 
organization = {RStudio, PBC.}, 
address = {Boston, MA}, year = {2020}, 
url = {http://www.rstudio.com/}
}

@article{chang2017shiny,
  title={Shiny: web application framework for R},
  author={Chang, Winston and Cheng, Joe and Allaire, J and Xie, Yihui and McPherson, Jonathan and others},
  journal={R package version},
  volume={1},
  number={5},
  year={2017}
}


@article{cribbie2004decreases,
  title={Decreases in posttest variance and the measurement of change},
  author={Cribbie, R. and Jamieson, J.},
  year={2004},
  volume={9},
  pages={37--55},
  publisher={American Psychological Association}
}

@article{jamieson1999dealing,
  title={Dealing with baseline differences: Two principles and two dilemmas},
  author={Jamieson, J.},
  journal={International Journal of Psychophysiology},
  volume={31},
  number={2},
  pages={155--161},
  year={1999},
  publisher={Elsevier}
}


@article{glass1976primary,
  title={Primary, secondary, and meta-analysis of research},
  author={Glass, G.V.},
  journal={Educational Researcher},
  volume={5},
  number={10},
  pages={3--8},
  year={1976},
  publisher={Sage Publications Sage CA: Los Angeles, CA}
}

@article{walwyn2017meta,
  title={Meta-analysis of standardised mean differences from randomised trials with treatment-related clustering associated with care providers},
  author={Walwyn, Rebecca and Roberts, Chris},
  journal={Statistics in Medicine},
  volume={36},
  number={7},
  pages={1043--1067},
  year={2017},
  publisher={Wiley Online Library}
}


@article{goldstein2000meta,
  title={Meta-analysis using multilevel models with an application to the study of class size effects},
  author={Goldstein, Harvey and Yang, Min and Omar, Rumana and Turner, Rebecca and Thompson, Simon},
  journal={Journal of the Royal Statistical Society: Series C (Applied Statistics)},
  volume={49},
  number={3},
  pages={399--412},
  year={2000},
  publisher={Wiley Online Library}
}


@inproceedings{rayleigh1885address,
  title={Address by the Rt. Hon. Lord Rayleigh},
  author={Rayleigh, L.},
  booktitle={Report of the fifty-fourth meeting of the British Association for the Advancement of Science},
  pages={3--23},
  year={1885}
}

@article{riley2017multivariate,
  title={Multivariate and network meta-analysis of multiple outcomes and multiple treatments: rationale, concepts, and examples},
  author={Riley, Richard D and Jackson, Dan and Salanti, Georgia and Burke, Danielle L and Price, Malcolm and Kirkham, Jamie and White, Ian R},
  journal={BMJ},
  volume={358},
  year={2017},
  publisher={British Medical Journal Publishing Group}
}


@article{donnelly2018four,
  title={Four principles to make evidence synthesis more useful for policy},
  author={Donnelly, C.A. and Boyd, Ian and Campbell, Philip and Craig, Claire and Vallance, Patrick and Walport, Mark and Whitty, Christopher JM and Woods, Emma and Wormald, Chris},
  volume={558},
  issue={7710},
  pages={361--364},
  year={2018},
  publisher={Nature}
}

@article{shadish2015meta,
  title={The meta-analytic big bang},
  author={Shadish, William R and Lecy, Jesse D},
  journal={Research Synthesis Methods},
  volume={6},
  number={3},
  pages={246--264},
  year={2015},
  publisher={Wiley Online Library}
}

@article{wiksten2016hartung,
  title={Hartung--Knapp method is not always conservative compared with fixed-effect meta-analysis},
  author={Wiksten, A. and R{\"u}cker, G. and Schwarzer, G.},
  journal={Statistics in Medicine},
  volume={35},
  number={15},
  pages={2503--2515},
  year={2016},
  publisher={Wiley Online Library}
}

@article{gurevitch2018meta,
  title={Meta-analysis and the science of research synthesis},
  author={Gurevitch, J. and Koricheva, Julia and Nakagawa, Shinichi and Stewart, Gavin},
  journal={Nature},
  volume={555},
  number={7695},
  pages={175--182},
  year={2018},
  publisher={Nature Publishing Group}
}

@article{button2013power,
  title={Power failure: why small sample size undermines the reliability of neuroscience},
  author={Button, K.S. and Ioannidis, John PA and Mokrysz, Claire and Nosek, Brian A and Flint, Jonathan and Robinson, Emma SJ and Munaf{\`o}, Marcus R},
  journal={Nature Reviews Neuroscience},
  volume={14},
  number={5},
  pages={365--376},
  year={2013},
  publisher={Nature Publishing Group}
}

@article{bastian2010seventy,
  title={Seventy-five trials and eleven systematic reviews a day: how will we ever keep up?},
  author={Bastian, H. and Glasziou, P. and Chalmers, I.},
  journal={PLoS med},
  volume={7},
  number={9},
  pages={e1000326},
  year={2010},
  publisher={Public Library of Science}
}
@book{hunter1982meta,
  title={Meta-analysis: Cumulating research findings across studies},
  author={Hunter, J.E. and Ballard, Todhunter and Hunter, John and John Edward, Hunter and Schmidt, Frank L and Jackson, Gregg B},
  volume={4},
  year={1982},
  publisher={SAGE Publications, Incorporated}
}

@article{Rucker2012,
author = {R{\"{u}}cker, G.},
journal = {Research Synthesis Methods},
number = {4},
pages = {312--324},
title = {Network meta-analysis, electrical networks and graph theory},
volume = {3},
year = {2012}
}

@article{Bucher1997,
  title={The results of direct and indirect treatment comparisons in meta-analysis of randomized controlled trials},
  author={Bucher, Heiner C and Guyatt, Gordon H and Griffith, Lauren E and Walter, Stephen D},
  journal={Journal of Clinical Epidemiology},
  volume={50},
  number={6},
  pages={683--691},
  year={1997},
  publisher={Elsevier}
}
@article{salanti2012indirect,
  title={Indirect and mixed-treatment comparison, network, or multiple-treatments meta-analysis: many names, many benefits, many concerns for the next generation evidence synthesis tool},
  author={Salanti, G.},
  journal={Research Synthesis Methods},
  volume={3},
  number={2},
  pages={80--97},
  year={2012},
  publisher={Wiley Online Library}
}

@article{salanti2014evaluating,
  title={Evaluating the quality of evidence from a network meta-analysis},
  author={Salanti, G. and Del Giovane, Cinzia and Chaimani, Anna and Caldwell, Deborah M and Higgins, J.P.T.},
  journal={PloS one},
  volume={9},
  number={7},
  pages={e99682},
  year={2014},
  publisher={Public Library of Science}
}

@article{lu2009modeling,
  title={Modeling between-trial variance structure in mixed treatment comparisons},
  author={Lu, G. and Ades, A.E.},
  journal={Biostatistics},
  volume={10},
  number={4},
  pages={792--805},
  year={2009},
  publisher={Oxford University Press}
}

@article{efthimiou2016getreal,
  title={GetReal in network meta-analysis: a review of the methodology},
  author={Efthimiou, O. and Debray, Thomas PA and van Valkenhoef, Gert and Trelle, Sven and Panayidou, Klea and Moons, Karel GM and Reitsma, Johannes B and Shang, Aijing and Salanti, Georgia and GetReal Methods Review Group},
  journal={Research synthesis methods},
  volume={7},
  number={3},
  pages={236--263},
  year={2016},
  publisher={Wiley Online Library}
}

@article{song2009methodological,
  title={Methodological problems in the use of indirect comparisons for evaluating healthcare interventions: survey of published systematic reviews},
  author={Song, F. and Loke, Yoon K and , Tanya and Glenny, Anne-Marie and Eastwood, Alison J and Altman, D.G.},
  journal={BMJ},
  volume={338},
  year={2009},
  publisher={British Medical Journal Publishing Group}
}

@book{aldous2003graphs,
  title={Graphs and applications: an introductory approach},
  author={Aldous, J.M. and Wilson, R.J.},
  year={2003},
  publisher={Springer Science \& Business Media}
}

@article{gotzsche2000we,
  title={Why we need a broad perspective on meta-analysis: it may be crucially important for patients},
  author={G{\o}tzsche, P.C.},
  year={2000},
  volume ={321},
  number={7261},
  pages = {585--586},
  journal={British Medical Journal}
}

@article{grimshaw2003systematic,
  title={Systematic reviews of the effectiveness of quality improvement strategies and programmes},
  author={Grimshaw, J. and McAuley, LM and Bero, LA and Grilli, R and Oxman, AD and Ramsay, C and Vale, L and Zwarenstein, M},
  journal={BMJ Quality \& Safety},
  volume={12},
  number={4},
  pages={298--303},
  year={2003},
  publisher={BMJ Publishing Group Ltd}
}

@article{stewart1993meta,
  title={Meta-analysis of the literature or of individual patient data: is there a difference?},
  author={Stewart, L.A. and Parmar, Mahesh KB},
  journal={The Lancet},
  volume={341},
  number={8842},
  pages={418--422},
  year={1993},
  publisher={Elsevier}
}

@book{welton2012evidence,
  title={Evidence synthesis for decision making in healthcare},
  author={Welton, N.J. and Sutton, Alexander J and Cooper, Nicola and Abrams, Keith R and Ades, A.E.},
  volume={132},
  year={2012},
  publisher={John Wiley \& Sons}
}

@article{hedges1985statistical,
  title={Statistical Methods for Meta-Analysis (San Diego, CA: Academic)},
  author={Hedges, L.V. and Olkin, I.},
  year={1985}
}

@book{cooper2019handbook,
  title={The Handbook of Research Synthesis and Meta-Analysis},
  author={Cooper, Harris and Hedges, Larry V and Valentine, Jeffrey C},
  year={2019},
  publisher={Russell Sage Foundation}
}

@book{schmid2020handbook,
  title={Handbook of Meta-analysis},
  author={Schmid, C.H. and Stijnen, T. and White, I.R},
  year={2020},
  publisher={CRC Press}
}

@article{veroniki2016methods,
  title={Methods to estimate the between-study variance and its uncertainty in meta-analysis},
  author={Veroniki, A.A. and Jackson, Dan and Viechtbauer, Wolfgang and Bender, Ralf and Bowden, Jack and Knapp, Guido and Kuss, Oliver and Higgins, Julian PT and Langan, Dean and Salanti, G.},
  journal={Research Synthesis Methods},
  volume={7},
  number={1},
  pages={55--79},
  year={2016},
  publisher={Wiley Online Library}
}

@article{cochran1954combination,
  title={The combination of estimates from different experiments},
  author={Cochran, W.G.},
  journal={Biometrics},
  volume={10},
  number={1},
  pages={101--129},
  year={1954},
  publisher={JSTOR}
}

@article{langan2019comparison,
  title={A comparison of heterogeneity variance estimators in simulated random-effects meta-analyses},
  author={Langan, D. and Higgins, Julian PT and Jackson, Dan and Bowden, Jack and Veroniki, Areti Angeliki and Kontopantelis, Evangelos and Viechtbauer, Wolfgang and Simmonds, Mark},
  journal={Research Synthesis Methods},
  volume={10},
  number={1},
  pages={83--98},
  year={2019},
  publisher={Wiley Online Library}
}

@article{mengersen2013statistical,
  title={Statistical models and approaches to inference},
  author={Mengersen, Kerrie and Schmid, Christopher H and Jennions, Michael D and Gurevitch, Jessica},
  journal={Handbook of Meta-analysis in Ecology and Evolution},
  pages={89--107},
  year={2013}
}

@article{inthout2014hartung,
  title={The Hartung-Knapp-Sidik-Jonkman method for random effects meta-analysis is straightforward and considerably outperforms the standard DerSimonian-Laird method},
  author={IntHout, J. and Ioannidis, J.P.A. and Borm, G.F.},
  journal={BMC Medical Research Methodology},
  volume={14},
  number={1},
  pages={1--12},
  year={2014},
  publisher={BioMed Central}
}

@article{viechtbauer2005bias,
  title={Bias and efficiency of meta-analytic variance estimators in the random-effects model},
  author={Viechtbauer, W.},
  journal={Journal of Educational and Behavioral Statistics},
  volume={30},
  number={3},
  pages={261--293},
  year={2005},
  publisher={Sage Publications Sage CA: Los Angeles, CA}
}

@article{ventresca2020obtaining,
  title={Obtaining and managing data sets for individual participant data meta-analysis: scoping review and practical guide},
  author={Ventresca, M. and Sch{\"u}nemann, Holger J and Macbeth, Fergus and Clarke, Mike and Thabane, Lehana and Griffiths, Gareth and Noble, Simon and Garcia, David and Marcucci, Maura and Iorio, Alfonso and others},
  journal={BMC Medical Research Methodology},
  volume={20},
  pages={1--18},
  year={2020},
  publisher={Springer}
}

% --------------- TRD article ----------------%
@article{gaynes2014,
  title={Repetitive transcranial magnetic stimulation for treatment-resistant depression: a systematic review and meta-analysis},
  author={Gaynes, B.N.L.S. and Lux, L. and Gartlehner, G. and Hansen, G.A.},
  journal={Journal of Clinical Psychiatry},
  volume={75},
  pages={477--489},
  year={2014}
}

@article{bromet2011cross,
  title={Cross-national epidemiology of DSM-IV major depressive episode},
  author={Bromet, E. and Andrade, Laura Helena and Hwang, Irving and Sampson, Nancy A and Alonso, Jordi and De Girolamo, Giovanni and De Graaf, Ron and Demyttenaere, Koen and Hu, Chiyi and Iwata, Noboru and others},
  journal={BMC Medicine},
  volume={9},
  number={1},
  pages={1--16},
  year={2011},
  publisher={BioMed Central}
}

@article{vos2012years,
  title={Years lived with disability (YLDs) for 1160 sequelae of 289 diseases and injuries 1990--2010: a systematic analysis for the Global Burden of Disease Study 2010},
  author={Vos, T. and Flaxman, Abraham D and Naghavi, Mohsen and Lozano, Rafael and Michaud, Catherine and Ezzati, Majid and Shibuya, Kenji and Salomon, Joshua A and Abdalla, Safa and Aboyans, Victor and others},
  journal={The Lancet},
  volume={380},
  number={9859},
  pages={2163--2196},
  year={2012},
  publisher={Elsevier}
}

@article{o2015faster,
  title={Faster, better, stronger: towards new antidepressant therapeutic strategies},
  author={O’Leary, O.F. and Dinan, T.G. and Cryan, J.F.},
  journal={European journal of pharmacology},
  volume={753},
  pages={32--50},
  year={2015},
  publisher={Elsevier}
  }

@article{shelton2010therapeutic,
  title={Therapeutic options for treatment-resistant depression},
  author={Shelton, R.C. and Osuntokun, Olawale and Heinloth, Alexandra N and Corya, Sara A},
  journal={CNS Drugs},
  volume={24},
  number={2},
  pages={131--161},
  year={2010},
  publisher={Springer}
}

@article{rush2006acute,
  title={Acute and longer-term outcomes in depressed outpatients requiring one or several treatment steps: a STAR* D report},
  author={Rush, A.J. and Trivedi, Madhukar H and Wisniewski, Stephen R and Nierenberg, Andrew A and Stewart, Jonathan W and Warden, Diane and Niederehe, George and Thase, Michael E and Lavori, Philip W and Lebowitz, Barry D and others},
  journal={American Journal of Psychiatry},
  volume={163},
  number={11},
  pages={1905--1917},
  year={2006},
  publisher={Am Psychiatric Assoc}
}

@article{lehmann1974therapy,
  title={Therapy-resistant depressions--a clinical classification},
  author={Lehmann, Heinz E},
  journal={Pharmacopsychiatry},
  volume={7},
  number={03},
  pages={156--163},
  year={1974},
  publisher={{\copyright} Georg Thieme Verlag KG Stuttgart{\textperiodcentered} New York}
}

@article{sartorius1974description,
  title={Description and classification of depressive disorders},
  author={Sartorius, N.},
  journal={Pharmakopsychiatr. Neuropsychopharmakol},
  volume={7},
  pages={76--79},
  year={1974}
}

@article{thase1997first,
  title={When at first you don’t succeed: sequential strategies for antidepressant nonresponders},
  author={Thase, M.E and Rush, A.J},
  journal={The Journal of Clinical Psychiatry},
  volume={58},
  number={suppl 13},
  pages={23--29},
  year={1997},
  publisher={Physicians Postgraduate Press, Inc.}
}

@article{berman2009aripiprazole,
  title={Aripiprazole Augmentation in Major Depressive Disorder: A Double-Blind, Placebo-Controlled Study in Patients with Inadequate Response to Antidepressants.},
  author={Berman, R.M. and Fava, Maurizio and Thase, Michael E and Trivedi, Madhukar H and Swanink, Ren{\'e} and McQuade, Robert D and Carson, William H and Adson, David and Taylor, Leslie and Hazel, James and others},
  journal={CNS Spectrums: The International Journal of Neuropsychiatric Medicine},
  volume={14},
  number={4},
  year={2009}
}

@article{tamayo2009effectiveness,
  title={Effectiveness and safety of the combination of fluoxetine and olanzapine in outpatients with bipolar depression: an open-label, randomized, flexible-dose study in Puerto Rico},
  author={Tamayo, J.M. and Sutton, Virginia K and Mattei, Manuel A and Diaz, Barbara and Jamal, Hassan H and Vieta, Eduard and Zarate Jr, Carlos A and Fumero, Ileana and Tohen, Mauricio},
  journal={Journal of Clinical Psychopharmacology},
  volume={29},
  number={4},
  pages={358},
  year={2009},
  publisher={NIH Public Access}
}
 
@article{cleare2015members,
  title={Members of the Consensus Meeting. Evidence-based guidelines for treating depressive disorders with antidepressants: a revision of the 2008 British Association for Psychopharmacology guidelines},
  author={Cleare, A. and Pariante, CM and Young, AH and Anderson, IM and Christmas, D and Cowen, PJ and Dickens, C and Ferrier, IN and Geddes, J and Gilbody, S and others},
  journal={J Psychopharmacol},
  volume={29},
  number={5},
  pages={459--525},
  year={2015}
}

@article{papakostas2007augmentation,
  title={Augmentation of antidepressants with atypical antipsychotic medications for treatment-resistant major depressive disorder: a meta-analysis.},
  author={Papakostas, G.I. and Shelton, Richard C and Smith, Juliana and Fava, Maurizio},
  journal={Journal of Clinical Psychiatry},
  volume={68},
  number={6},
  pages={826--831},
  year={2007},
  publisher={[Memphis, Tenn., Physicians Postgraduate Press]}
}

@article{nelson2009atypical,
  title={Atypical antipsychotic augmentation in major depressive disorder: a meta-analysis of placebo-controlled randomized trials},
  author={Nelson, J.C and Papakostas, G.I.},
  journal={American Journal of Psychiatry},
  volume={166},
  number={9},
  pages={980--991},
  year={2009},
  publisher={Am Psychiatric Assoc}
}

@article{spielmans2016adjunctive,
  title={Adjunctive atypical antipsychotic treatment for major depressive disorder: a meta-analysis of depression, quality of life, and safety outcomes},
  author={Spielmans, G.I. and Berman, Margit I and Linardatos, Eftihia and Rosenlicht, Nicholas Z and Perry, Angela and Tsai, Alexander C},
  journal={Focus},
  volume={14},
  number={2},
  pages={244--265},
  year={2016},
  publisher={Am Psychiatric Assoc}
}

@article{papakostas2008meta,
  title={A meta-analysis of clinical trials comparing reboxetine, a norepinephrine reuptake inhibitor, with selective serotonin reuptake inhibitors for the treatment of major depressive disorder},
  author={Papakostas, G.I. and Nelson, J Craig and Kasper, Siegfried and M{\"o}ller, Hans-J{\"u}rgen},
  journal={European Neuropsychopharmacology},
  volume={18},
  number={2},
  pages={122--127},
  year={2008},
  publisher={Elsevier}
}

@article{bauer1999lithium,
  title={Lithium augmentation in treatment-resistant depression: meta-analysis of placebo-controlled studies},
  author={Bauer, M. and D{\"o}pfmer, S.},
  journal={Journal of Clinical Psychopharmacology},
  volume={19},
  number={5},
  pages={427--434},
  year={1999},
  publisher={LWW}
}

@article{papadimitropoulou2017comparative,
  title={Comparative efficacy and tolerability of pharmacological and somatic interventions in adult patients with treatment-resistant depression: a systematic review and network meta-analysis},
  author={Papadimitropoulou, Katerina and Vossen, Carla and Karabis, Andreas and Donatti, Christina and Kubitz, Nicole},
  journal={Current Medical Research and Opinion},
  volume={33},
  number={4},
  pages={701--711},
  year={2017},
  publisher={Taylor \& Francis}
}
20
@article{zhou2015comparative,
  title={Comparative efficacy, acceptability, and tolerability of augmentation agents in treatment-resistant depression: systematic review and network meta-analysis},
  author={Zhou, X. and Ravindran, Arun V and Qin, Bin and Del Giovane, Cinzia and Li, Qi and Bauer, Michael and Liu, Yiyun and Fang, Yiru and da Silva, Tricia and Zhang, Yuqing},
  journal={The Journal of Clinical Psychiatry},
  volume={76},
  number={4},
  pages={487--498},
  year={2015},
  publisher={Physicians Postgraduate Press, Inc.}
}
21
@article{zhou2015atypical,
  title={Atypical antipsychotic augmentation for treatment-resistant depression: a systematic review and network meta-analysis},
  author={Zhou, X. and Keitner, Gabor I and Qin, Bin and Ravindran, Arun V and Bauer, Michael and Del Giovane, Cinzia and Zhao, Jingping and Liu, Yiyun and Fang, Yiru and Zhang, Yuqing and others},
  journal={International Journal of Neuropsychopharmacology},
  volume={18},
  number={11},
  pages={pyv060},
  year={2015},
  publisher={Oxford University Press US}
}

22
@article{kirsch2007clinical,
  title={Clinical trials and the response rate illusion},
  author={Kirsch, I. and Moncrieff, J.},
  journal={Contemporary Clinical Trials},
  volume={28},
  number={4},
  pages={348--351},
  year={2007},
  publisher={Elsevier}
}

23
@article{zimmerman2004derivation,
  title={Derivation of a definition of remission on the Montgomery--Asberg depression rating scale corresponding to the definition of remission on the Hamilton rating scale for depression},
  author={Zimmerman, M. and Posternak, M.A. and Chelminski, I.},
  journal={Journal of Psychiatric Research},
  volume={38},
  number={6},
  pages={577--582},
  year={2004},
  publisher={Elsevier}
}

24
@article{furukawa2005imputing,
  title={Imputing response rates from means and standard deviations in meta-analyses},
  author={Furukawa, T.A. and Cipriani, Andrea and Barbui, Corrado and Brambilla, Paolo and Watanabe, Norio},
  journal={International Clinical Psychopharmacology},
  volume={20},
  number={1},
  pages={49--52},
  year={2005},
  publisher={LWW}
}

25
@article{cipriani2009comparative,
  title={Comparative efficacy and acceptability of 12 new-generation antidepressants: a multiple-treatments meta-analysis},
  author={Cipriani, Andrea and Barbui, Corrado and Salanti, Georgia and Rendell, Jennifer and Brown, Rachel and Stockton, Sarah and Purgato, Marianna and Spineli, Loukia M and Goodwin, Guy M and Geddes, John R},
  journal={The Lancet},
  volume={373},
  number={9665},
  pages={746--758},
  year={2009},
  publisher={Elsevier}
}

26
@article{higgins2011cochrane,
  title={The Cochrane Collaboration’s tool for assessing risk of bias in randomised trials},
  author={Higgins, Julian PT and Altman, Douglas G and G{\o}tzsche, Peter C and J{\"u}ni, Peter and Moher, David and Oxman, Andrew D and Savovi{\'c}, Jelena and Schulz, Kenneth F and Weeks, Laura and Sterne, Jonathan AC},
  journal={BMJ},
  volume={343},
  year={2011},
  publisher={British Medical Journal Publishing Group}
}

27
@article{lu2004combination,
  title={Combination of direct and indirect evidence in mixed treatment comparisons},
  author={Lu, G. and Ades, A.E.},
  journal={Statistics in Medicine},
  volume={23},
  number={20},
  pages={3105--3124},
  year={2004},
  publisher={Wiley Online Library}
}

28
@article{salanti2008evaluation,
  title={Evaluation of networks of randomized trials},
  author={Salanti, G. and Higgins, Julian PT and Ades, AE and Ioannidis, John PA},
  journal={Statistical Methods in Medical Research},
  volume={17},
  number={3},
  pages={279--301},
  year={2008},
  publisher={SAGE Publications Sage UK: London, England}
}
29
@article{hoaglin2011conducting,
  title={Conducting indirect-treatment-comparison and network-meta-analysis studies: report of the ISPOR Task Force on Indirect Treatment Comparisons Good Research Practices: part 2},
  author={Hoaglin, D.C. and Hawkins, Neil and Jansen, Jeroen P and Scott, David A and Itzler, Robbin and Cappelleri, Joseph C and Boersma, Cornelis and Thompson, David and Larholt, Kay M and Diaz, Mireya and others},
  journal={Value in Health},
  volume={14},
  number={4},
  pages={429--437},
  year={2011},
  publisher={Elsevier}
}

30
@article{jansen2011interpreting,
  title={Interpreting indirect treatment comparisons and network meta-analysis for health-care decision making: report of the ISPOR Task Force on Indirect Treatment Comparisons Good Research Practices: part 1},
  author={Jansen, J.P. and Fleurence, Rachael and Devine, Beth and Itzler, Robbin and Barrett, Annabel and Hawkins, Neil and Lee, Karen and Boersma, Cornelis and Annemans, Lieven and Cappelleri, Joseph C},
  journal={Value in Health},
  volume={14},
  number={4},
  pages={417--428},
  year={2011},
  publisher={Elsevier}
}

31
@article{cooper2009addressing,
  title={Addressing between-study heterogeneity and inconsistency in mixed treatment comparisons: application to stroke prevention treatments in individuals with non-rheumatic atrial fibrillation},
  author={Cooper, N.J. and Sutton, Alex J and Morris, Danielle and Ades, AE and Welton, N.J.},
  journal={Statistics in Medicine},
  volume={28},
  number={14},
  pages={1861--1881},
  year={2009},
  publisher={Wiley Online Library}
}

32
@article{jansen2012directed,
  title={Directed acyclic graphs can help understand bias in indirect and mixed treatment comparisons},
  author={Jansen, J.P. and Schmid, C.H. and Salanti, G.},
  journal={Journal of Clinical Epidemiology},
  volume={65},
  number={7},
  pages={798--807},
  year={2012},
  publisher={Elsevier}
}

33
@article{spiegelhalter2002bayesian,
  title={Bayesian measures of model complexity and fit},
  author={Spiegelhalter, D.J. and Best, Nicola G and Carlin, Bradley P and Van Der Linde, Angelika},
  journal={Journal of the Royal Statistical Society: Series b (Statistical Methodology)},
  volume={64},
  number={4},
  pages={583--639},
  year={2002},
  publisher={Wiley Online Library}
}

34
@article{dias2013evidence,
  title={Evidence synthesis for decision making 2: a generalized linear modeling framework for pairwise and network meta-analysis of randomized controlled trials},
  author={Dias, Sofia and Sutton, Alex J and Ades, AE and Welton, Nicky J},
  journal={Medical Decision Making},
  volume={33},
  number={5},
  pages={607--617},
  year={2013},
  publisher={Sage Publications Sage CA: Los Angeles, CA}
}

35
@article{dias2011nice,
  title={NICE DSU technical support document 2: a generalised linear modelling framework for pairwise and network meta-analysis of randomised controlled trials},
  author={Dias, S. and Welton, Nicky J and Sutton, Alex J and Ades, AE},
  year={2011},
  publisher={National Institute for Health and Clinical Excellence}
}

36
@article{cope2014process,
  title={A process for assessing the feasibility of a network meta-analysis: a case study of everolimus in combination with hormonal therapy versus chemotherapy for advanced breast cancer},
  author={Cope, S. and Zhang, Jie and Saletan, Stephen and Smiechowski, Brielan and Jansen, Jeroen P and Schmid, Peter},
  journal={BMC Medicine},
  volume={12},
  number={1},
  pages={1--17},
  year={2014},
  publisher={BioMed Central}
}
37
@article{eric2009extended,
  title={Extended-release quetiapine as adjunct to an antidepressant in patients with major depressive disorder: results of a randomized, placebo-controlled, double-blind study},
  author={Bauer, M. and Pretorius, H.W. and Constant, E.L.},
  journal={The Journal of Clinical Psychiatry},
  volume={70},
  number={4},
  pages={540--549},
  year={2009},
  publisher={Physicians Postgraduate Press, Inc.}
  }
38
@article{berman2007efficacy,
  title={The efficacy and safety of aripiprazole as adjunctive therapy in major depressive disorder: a multicenter, randomized, double-blind, placebo-controlled study},
  author={Berman, R.M. and Marcus, Ronald N and Swanink, Ren{\'e} and McQuade, Robert D and Carson, William H and Corey-Lisle, Patricia K and Khan, Arif},
  journal={The Journal of Clinical Psychiatry},
  volume={68},
  number={6},
  pages={843--853},
  year={2007},
  publisher={Physicians Postgraduate Press, Inc.}
}
39
@article{corya2006randomized,
  title={A randomized, double-blind comparison of olanzapine/fluoxetine combination, olanzapine, fluoxetine, and venlafaxine in treatment-resistant depression},
  author={Corya, S.A. and Williamson, Doug and Sanger, Todd M and Briggs, Susan D and Case, Michael and Tollefson, Gary},
  journal={Depression and Anxiety},
  volume={23},
  number={6},
  pages={364--372},
  year={2006},
  publisher={Wiley Online Library}
}
40
@article{doree2007quetiapine,
  title={Quetiapine augmentation of treatment-resistant depression: a comparison with lithium},
  author={Dor{\'e}e, J-P. and Rosiers, Joel Des and Lew, Viviane and Gendron, Alain and Elie, Robert and Stip, Emmanuel and Val{\'e}rie Tourjman, S},
  journal={Current Medical Research and Opinion},
  volume={23},
  number={2},
  pages={333--341},
  year={2007},
  publisher={Taylor \& Francis}
}
41
@article{fang2010comparisons,
  title={Comparisons of the efficacy and tolerability of extended-release venlafaxine, mirtazapine, and paroxetine in treatment-resistant depression: a double-blind, randomized pilot study in a Chinese population},
  author={Fang, Y. and Yuan, Chengmei and Xu, Yifeng and Chen, Jun and Wu, Zhiguo and Cao, Lan and Yi, Zhenghui and Hong, Wu and Wang, Yong and Jiang, Kaida and others},
  journal={Journal of Clinical Psychopharmacology},
  volume={30},
  number={4},
  pages={357--364},
  year={2010},
  publisher={LWW}
}
42
@article{fang2011pilot,
  title={A pilot study of the efficacy and safety of paroxetine augmented with risperidone, valproate, buspirone, trazodone, or thyroid hormone in adult Chinese patients with treatment-resistant major depression},
  author={Fang, Y. and Yuan, Chengmei and Xu, Yifeng and Chen, Jun and Wu, Zhiguo and Cao, Lan and Yi, Zhenghui and Hong, Wu and Wang, Yong and Jiang, Kaida and others},
  journal={Journal of clinical Psychopharmacology},
  volume={31},
  number={5},
  pages={638--642},
  year={2011},
  publisher={LWW}
}
43
@article{martin2010p,
  title={Quetiapine XR monotherapy and quetiapine XR+ ongoing antidepressant versus lithium+ ongoing AD for Stage II treatment-resistant major depressive disorder},
  author={Mart{\'\i}n, M.F. and Figueira, M.L and Petrov, P. and Rihmer, Z. and Vavrusov{\'a}, L and Dencker-Vansvik, E and J{\"o}rgensen, L. and K{\"o}hler, J. and Bauer, M.},
  journal={European Neuropsychopharmacology},
  number={20},
  pages={S347},
  year={2010}
}
44
@article{li2013combined,
  title={The combined treatment of venlafaxine and quetiapine for treatment-resistant depression: a clinical study},
  author={Li, X. and Xing, Baoping and Yu, Enyan and Chen, Wei and Wu, Hao},
  journal={The Journal of Neuropsychiatry and Clinical Neurosciences},
  volume={25},
  number={2},
  pages={157--160},
  year={2013},
  publisher={Am Neuropsych Assoc}
}
45
@article{marcus2008efficacy,
  title={The efficacy and safety of aripiprazole as adjunctive therapy in major depressive disorder: a second multicenter, randomized, double-blind, placebo-controlled study},
  author={Marcus, R.N. and McQuade, Robert D and Carson, William H and Hennicken, Delphine and Fava, Maurizio and Simon, Jeffrey S and Trivedi, Madhukar H and Thase, Michael E and Berman, Robert M},
  journal={Journal of Clinical Psychopharmacology},
  volume={28},
  number={2},
  pages={156--165},
  year={2008},
  publisher={LWW}
}
46
@article{nierenberg2003lithium,
  title={Lithium augmentation of nortriptyline for subjects resistant to multiple antidepressants},
  author={Nierenberg, A.A. and Papakostas, George I and Petersen, Timothy and Montoya, Heidi D and Worthington, John J and Tedlow, Joyce and Alpert, Jonathan E and Fava, M.},
  journal={Journal of Clinical Psychopharmacology},
  volume={23},
  number={1},
  pages={92--95},
  year={2003},
  publisher={LWW}
}
47
@article{reeves2008efficacy,
  title={Efficacy of risperidone augmentation to antidepressants in the management of suicidality in major depressive disorder: a randomized, double-blind, placebo-controlled pilot study},
  author={Reeves, H. and Batra, Sachin and May, Roberta S and Zhang, Rusheng and Dahl, Daniel C and Li, Xiaohua},
  journal={The Journal of Clinical Psychiatry},
  volume={69},
  number={8},
  pages={1228--1236},
  year={2008},
  publisher={Physicians Postgraduate Press, Inc.}
}

48
@article{santos2008efficacy,
  title={Efficacy and safety of antidepressant augmentation with lamotrigine in patients with treatment-resistant depression: a randomized, placebo-controlled, double-blind study},
  author={Santos, M.A. and Rocha, F.L and Hara, C.},
  journal={Primary Care Companion to the Journal of Clinical Psychiatry},
  volume={10},
  number={3},
  pages={187},
  year={2008},
  publisher={Physicians Postgraduate Press, Inc.}
}
49
@article{schindler2007lithium,
  title={Lithium versus lamotrigine augmentation in treatment resistant unipolar depression: a randomized, open-label study},
  author={Schindler, F. and Anghelescu, I.G.},
  journal={International Clinical Psychopharmacology},
  volume={22},
  number={3},
  pages={179--182},
  year={2007},
  publisher={LWW}
}
50
@article{shelton2005olanzapine,
  title={Olanzapine/fluoxetine combination for treatment-resistant depression: a controlled study of SSRI and nortriptyline resistance},
  author={Shelton, R.C. and Williamson, Douglas J and Corya, Sara A and Sanger, Todd M and Van Campen, Luann E and Case, Michael and Briggs, Susan D and Tollefson, Gary D},
  journal={The Journal of Clinical Psychiatry},
  volume={66},
  number={10},
  pages={1289--1297},
  year={2005},
  publisher={Physicians Postgraduate Press, Inc.}
}
51
@article{singh2016double,
  title={A double-blind, randomized, placebo-controlled, dose-frequency study of intravenous ketamine in patients with treatment-resistant depression},
  author={Singh, J.B. and Fedgchin, Maggie and Daly, Ella J and De Boer, Peter and Cooper, Kimberly and Lim, Pilar and Pinter, Christine and Murrough, James W and Sanacora, Gerard and Shelton, Richard C and others},
  journal={American Journal of Psychiatry},
  volume={173},
  number={8},
  pages={816--826},
  year={2016},
  publisher={Am Psychiatric Assoc}
}
52
@article{thase2007randomized,
  title={A randomized, double-blind comparison of olanzapine/fluoxetine combination, olanzapine, and fluoxetine in treatment-resistant major depressive disorder},
  author={Thase, M.E. and Corya, Sara A and Osuntokun, Olawale and Case, Michael and Henley, David B and Sanger, Todd M and Watson, Susan B and Dub{\'e}, Sanjay},
  journal={The Journal of Clinical Psychiatry},
  volume={68},
  number={2},
  pages={224--236},
  year={2007},
  publisher={Physicians Postgraduate Press, Inc.}
}
53
@article{thase2011efficacy,
  title={Efficacy of adjunctive OPC-34712 across multiple outcome measures in major depressive disorder: a phase II, randomized, placebo-controlled study},
  author={Thase, ME and Fava, M and Hobart, M and Skuban, A and Zhang, P and McQuade, RD and Carson, WH and Sanchez, R and Forbes, RA},
  journal={Neuropsychopharmacology},
  volume={36},
  pages={S302--S304},
  year={2011}
}
54
@article{bakim2012combination,
  title={The combination of antidepressant drug therapy and high-frequency repetitive transcranial magnetic stimulation in medication-resistant depression},
  author={Bakim, B. and Uzun, Ugras Erman and Karamustafalioglu, Oguz and Ozcelik, Basak and Alpak, Gokay and Tankaya, Onur and Cengiz, Yasemin and Yavuz, Burcu Goksan},
  journal={Klinik Psikofarmakoloji B{\"u}lteni-Bulletin of Clinical Psychopharmacology},
  volume={22},
  number={3},
  pages={244--253},
  year={2012},
  publisher={Taylor \& Francis}
}
55
@article{blumberger2012randomized,
  title={A randomized double-blind sham-controlled comparison of unilateral and bilateral repetitive transcranial magnetic stimulation for treatment-resistant major depression},
  author={Blumberger, D.M. and Mulsant, Benoit H and Fitzgerald, Paul B and Rajji, Tarek K and Ravindran, Arun V and Young, L Trevor and Levinson, Andrea J and Daskalakis, Zafiris J},
  journal={The World Journal of Biological Psychiatry},
  volume={13},
  number={6},
  pages={423--435},
  year={2012},
  publisher={Taylor \& Francis}
}

56
@article{chen2013superior,
  title={Superior antidepressant effect occurring 1 month after rTMS: add-on rTMS for subjects with medication-resistant depression},
  author={Chen, S-J. and Chang, Chung-Hung and Tsai, Hsin-Chi and Chen, Shao-Tsu and Lin, Chaucer CH},
  journal={Neuropsychiatric Disease and Treatment},
  volume={9},
  pages={397},
  year={2013},
  publisher={Dove Press}
}
57
@article{fitzgerald2009randomized,
  title={A randomized trial of rTMS targeted with MRI based neuro-navigation in treatment-resistant depression},
  author={Fitzgerald, P.B. and Hoy, Kate and McQueen, Susan and Maller, Jerome J and Herring, Sally and Segrave, Rebecca and Bailey, Michael and Been, Greg and Kulkarni, Jayashri and Daskalakis, Zafiris J},
  journal={Neuropsychopharmacology},
  volume={34},
  number={5},
  pages={1255--1262},
  year={2009},
  publisher={Nature Publishing Group}
}
58
@article{fitzgerald2012double,
  title={A double blind randomized trial of unilateral left and bilateral prefrontal cortex transcranial magnetic stimulation in treatment resistant major depression},
  author={Fitzgerald, P.B. and Hoy, Kate E and Herring, Sally E and McQueen, Susan and Peachey, Amy VJ and Segrave, Rebecca A and Maller, Jerome and Hall, Phillip and Daskalakis, Z Jeff},
  journal={Journal of Affective Disorders},
  volume={139},
  number={2},
  pages={193--198},
  year={2012},
  publisher={Elsevier}
}
59
@article{garcia2006high,
  title={High (20-Hz) and low (1-Hz) frequency transcranial magnetic stimulation as adjuvant treatment in medication-resistant depression},
  author={Garcia-Toro, M. and Salva, Joan and Daumal, Jaume and Andres, Joana and Romera, Maria and Lafau, Oriol and Echevarr{\'\i}a, Miguel and Mestre, Mart{\'\i}n and Bosch, Carmen and Collado, Catiana and others},
  journal={Psychiatry Research: Neuroimaging},
  volume={146},
  number={1},
  pages={53--57},
  year={2006},
  publisher={Elsevier}
}
60
@article{george2010daily,
  title={Daily left prefrontal transcranial magnetic stimulation therapy for major depressive disorder: a sham-controlled randomized trial},
  author={George, M.S. and Lisanby, Sarah H and Avery, David and McDonald, William M and Durkalski, Valerie and Pavlicova, Martina and Anderson, Berry and Nahas, Ziad and Bulow, Peter and Zarkowski, Paul and others},
  journal={Archives of General Psychiatry},
  volume={67},
  number={5},
  pages={507--516},
  year={2010},
  publisher={American Medical Association}
}
61
@article{pallanti2010unilateral,
  title={Unilateral low frequency versus sequential bilateral repetitive transcranial magnetic stimulation: is simpler better for treatment of resistant depression?},
  author={Pallanti, S. and Bernardi, S and Di Rollo, A and Antonini, S and Quercioli, L},
  journal={Neuroscience},
  volume={167},
  number={2},
  pages={323--328},
  year={2010},
  publisher={Elsevier}
}
62
@article{rosa2006comparison,
  title={Comparison of repetitive transcranial magnetic stimulation and electroconvulsive therapy in unipolar non-psychotic refractory depression: a randomized, single-blind study},
  author={Rosa, M.A. and Gattaz, Wagner Farid and Pascual-Leone, Alvaro and Fregni, Felipe and Rosa, Marina Odebrecht and Rumi, Demetrio Ortega and Myczkowski, Martin and Silva, Maria Fernanda and Mansur, Carlos and Rigonatti, Sergio Paulo and others},
  journal={International Journal of Neuropsychopharmacology},
  volume={9},
  number={6},
  pages={667--676},
  year={2006},
  publisher={Cambridge University Press Cambridge, UK}
}
63
@article{rossini2005transcranial,
  title={Transcranial magnetic stimulation in treatment-resistant depressed patients: a double-blind, placebo-controlled trial},
  author={Rossini, D. and Lucca, Adelio and Zanardi, Raffaella and Magri, Lorenzo and Smeraldi, Enrico},
  journal={Psychiatry Research},
  volume={137},
  number={1-2},
  pages={1--10},
  year={2005},
  publisher={Elsevier}
}
64
@article{triggs2010right,
  title={Right and left dorsolateral pre-frontal rTMS treatment of refractory depression: a randomized, sham-controlled trial},
  author={Triggs, W.J. and Ricciuti, Nikki and Ward, Herbert E and Cheng, Jing and Bowers, Dawn and Goodman, Wayne K and Kluger, Benzi M and Nadeau, Stephen E},
  journal={Psychiatry Research},
  volume={178},
  number={3},
  pages={467--474},
  year={2010},
  publisher={Elsevier}
}
65


@article{zhang2011,
  title={Adjunctive treatment with transcranial magnetic stimulation in treatment resistant depression: a randomised double-blind, sham-controlled study},
  author={Zhang, X.M.W. and Wang, J.J and Liu, Q. and Fan, Y.},
  journal={Shanghai Archives of Psychiatry},
  pages={17--24},
  year={2011}
}


66
@article{zheng2010high,
  title={High-frequency rTMS treatment increases left prefrontal myo-inositol in young patients with treatment-resistant depression},
  author={Zheng, H. and Zhang, Li and Li, Lingjiang and Liu, Peng and Gao, Junling and Liu, Xiaoyun and Zou, Juan and Zhang, Yan and Liu, Jun and Zhang, Zhijun and others},
  journal={Progress in Neuro-
  
  Psychopharmacology and Biological Psychiatry},
  volume={34},
  number={7},
  pages={1189--1195},
  year={2010},
  publisher={Elsevier}
}
67
@article{nierenberg2006comparison,
  title={A comparison of lithium and T3 augmentation following two failed medication treatments for depression: a STAR*D report},
  author={Nierenberg, A.A. and Fava, Maurizio and Trivedi, Madhukar H and Wisniewski, Stephen R and Thase, Michael E and McGrath, Patrick J and Alpert, Jonathan E and Warden, Diane and Luther, James F and Niederehe, George and others},
  journal={American Journal of Psychiatry},
  volume={163},
  number={9},
  pages={1519--1530},
  year={2006},
  publisher={Am Psychiatric Assoc}
}
68

@article{mcgirr2015systematic,
  title={A systematic review and meta-analysis of randomized, double-blind, placebo-controlled trials of ketamine in the rapid treatment of major depressive episodes},
  author={McGirr, A. and Berlim, MT and Bond, DJ and Fleck, MP and Yatham, LN and Lam, RW},
  journal={Psychological Medicine},
  volume={45},
  number={4},
  pages={693},
  year={2015},
  publisher={Cambridge University Press}
}

69
@misc{Janssen1,
  title={A long-term safety and efficacy study of intranasal esketamine in treatment-resistant depression (SUSTAIN-2). Clinicaltrials.gov: NCT02497287},
  author={{Janssen Research $\&$ Development}},
  year={2016}
}

70
@misc{Janssen2,
  title={A long-term safety study of intranasal esketamine in treatment-resistant depression (SUSTAIN-3). Clinicaltrials.gov: NCT027821042016},
  author={{Janssen Research $\&$ Development}},
  year={2016}
}

71
@misc{Janssen3,
  title={A study of intranasal esketamine plus an oral antidepressant for relapse prevention in adult participants with treatment-resistant depression (SUSTAIN 1). Clinicaltrials.gov: NCT024938682016},
  author={{Janssen Research $\&$ Development}},
  year={2016}
  
}

72
@article{walsh2002placebo,
  title={Placebo response in studies of major depression: variable, substantial, and growing},
  author={Walsh, B.T. and Seidman, Stuart N and Sysko, Robyn and Gould, M.},
  journal={Jama},
  volume={287},
  number={14},
  pages={1840--1847},
  year={2002},
  publisher={American Medical Association}
}




%----------SMMR article --------%
@article{Cipriani2011,
author = {Cipriani, A. et al.},
journal = {The Lancet},
number = {9799},
pages = {1306--15},
pmid = {21851976},
title = {{Comparative efficacy and acceptability of antimanic drugs in acute mania: a multiple-treatments meta-analysis.}},
volume = {378},
year = {2011}
}

@article{Davey2011,
author = {Davey, J. and Turner, R.M. and Clarke, M.J. and Higgins, Julian Pt},
doi = {10.1186/1471-2288-11-160},
file = {:C$\backslash$:/Users/spinelil/AppData/Local/Mendeley Ltd./Mendeley Desktop/Downloaded/Davey et al. - 2011 - Characteristics of meta-analyses and their component studies in the Cochrane Database of Systematic Reviews a cros.pdf:pdf},
isbn = {1471-2288},
issn = {14712288},
journal = {BMC Medical Research Methodology},
pages = {160},
pmid = {22114982},
title = {{Characteristics of meta-analyses and their component studies in the Cochrane Database of Systematic Reviews: a cross-sectional, descriptive analysis}},
volume = {11},
year = {2011}
}

@article{Deeks2002,
  title={Issues in the selection of a summary statistic for meta-analysis of clinical trials with binary outcomes},
  author={Deeks, Jonathan},
  journal={Statistics in Medicine},
  volume={21},
  number={11},
  pages={1575--1600},
  year={2002},
  publisher={Wiley Online Library}
}

@article{Ebrahim2013,
author = {Ebrahim, S. and Johnston, Bradley C. and Akl, Elie A. and Mustafa, Reem A. and Sun, Xin and Walter, Stephen D. and Heels-Ansdell, Diane and Alonso-Coello, Pablo and Guyatt, Gordon H.},
journal = {Journal of Clinical Epidemiology},
number = {9},
pages = {1014--1021},
pmid = {23774111},
publisher = {Elsevier Inc},
title = {{Addressing continuous data for participants excluded from trial analysis: a guide for systematic reviewers}},
volume = {66},
year = {2013}
}


@article{Ebrahim2014,
author = {Ebrahim, Shanil and Johnston, Bradley C. and Akl, Elie A. and Mustafa, Reem A. and Sun, Xin and Walter, Stephen D. and Heels-Ansdell, Diane and Alonso-Coello, Pablo and Guyatt, Gordon H.},
journal = {Journal of Clinical Epidemiology},
number = {5},
pages = {560--570},
pmid = {23774111},
publisher = {Elsevier Inc},
title = {{Addressing continuous data measured with different instruments for participants excluded from trial analysis: A guide for systematic reviewers}},
volume = {67},
year = {2014}
}


@article{Elliott2017,
author = {Elliott, J.H. and Synnot, Anneliese and Turner, Tari and Simmonds, Mark and Akl, Elie A. and McDonald, Steve and Salanti, Georgia and Meerpohl, Joerg and MacLehose, Harriet and Hilton, John and Tovey, David and Shemilt, Ian and Thomas, James and Agoritsas, Thomas and Hilton, John and Perron, Caroline and Akl, Elie and Hodder, Rebecca and Pestridge, Charlotte and Albrecht, Lauren and Horsley, Tanya and Platt, Joanne and Armstrong, Rebecca and Nguyen, Phi Hung and Plovnick, Robert and Arno, Anneliese and Ivers, Noah and Quinn, Gail and Au, Agnes and Johnston, Renea and Rada, Gabriel and Bagg, Matthew and Jones, Arwel and Ravaud, Philippe and Boden, Catherine and Kahale, Lara and Richter, Bernt and Boisvert, Isabelle and Keshavarz, Homa and Ryan, Rebecca and Brandt, Linn and Kolakowsky-Hayner, Stephanie A. and Salama, Dina and Brazinova, Alexandra and Nagraj, Sumanth Kumbargere and Salanti, Georgia and Buchbinder, Rachelle and Lasserson, Toby and Santaguida, Lina and Champion, Chris and Lawrence, Rebecca and Santesso, Nancy and Chandler, Jackie and Les, Zbigniew and Sch{\"{u}}nemann, Holger J. and Charidimou, Andreas and Leucht, Stefan and Shemilt, Ian and Chou, Roger and Low, Nicola and Sherifali, Diana and Churchill, Rachel and Maas, Andrew and Siemieniuk, Reed and Cnossen, Maryse C. and MacLehose, Harriet and Simmonds, Mark and Cossi, Marie Joelle and Macleod, Malcolm and Skoetz, Nicole and Counotte, Michel and Marshall, Iain and Soares-Weiser, Karla and Craigie, Samantha and Marshall, Rachel and Srikanth, Velandai and Dahm, Philipp and Martin, Nicole and Sullivan, Katrina and Danilkewich, Alanna and Garc{\'{i}}a, Laura Mart{\'{i}}nez and Synnot, Anneliese and Danko, Kristen and Mavergames, Chris and Taylor, Mark and Donoghue, Emma and Maxwell, Lara J. and Thayer, Kris and Dressler, Corinna and McAuley, James and Thomas, James and Egan, Cathy and McDonald, Steve and Tritton, Roger and Elliott, Julian and McKenzie, Joanne and Tsafnat, Guy and Elliott, Sarah A. and Meerpohl, Joerg and Tugwell, Peter and Etxeandia, Itziar and Merner, Bronwen and Turgeon, Alexis and Featherstone, Robin and Mondello, Stefania and Turner, Tari and Foxlee, Ruth and Morley, Richard and van Valkenhoef, Gert and Garner, Paul and Munafo, Marcus and Vandvik, Per and Gerrity, Martha and Munn, Zachary and Wallace, Byron and Glasziou, Paul and Murano, Melissa and Wallace, Sheila A. and Green, Sally and Newman, Kristine and Watts, Chris and Grimshaw, Jeremy and Nieuwlaat, Robby and Weeks, Laura and Gurusamy, Kurinchi and Nikolakopoulou, Adriani and Weigl, Aaron and Haddaway, Neal and Noel-Storr, Anna and Wells, George and Hartling, Lisa and O'Connor, Annette and Wiercioch, Wojtek and Hayden, Jill and Page, Matthew and Wolfenden, Luke and Helfand, Mark and Pahwa, Manisha and {Yepes Nu{\~{n}}ez}, Juan Jos{\'{e}} and Higgins, Julian and Pardo, Jordi Pardo and Yost, Jennifer and Hill, Sophie and Pearson, Leslea},
journal = {Journal of Clinical Epidemiology},
keywords = {Evidence synthesis,Guidelines,Living guidelines,Living systematic review,Systematic review},
pages = {23--30},
title = {{Living systematic review: 1. Introduction—the why, what, when, and how}},
volume = {91},
year = {2017}
}


@article{Friedrich2012,
  author={Friedrich, Jan O and Adhikari, Neill KJ and Beyene, Joseph},
  journal={Statistics in Medicine},
  volume={31},
  number={17},
  pages={1857--1886},
  year={2012},
  publisher={Wiley Online Library}
}

@article{Gelman1992,
author = {Gelman, A. and Rubin, D.B.},
journal = {Statistical Science},
number = {4},
pages = {457--472},
title = {{Inference from Iterative Simulation Using Multiple Sequences}},
volume = {7},
year = {1992}
}


@article{HigginsJPTLiT,
  title={Chapter 6: Choosing effect measures and computing estimates of effect},
  author={Higgins, Julian PT and Li, Tianjing and Deeks, Jonathan J},
 journal={Cochrane handbook for systematic reviews of interventions},
  pages={143--176},
  year={2019},
  publisher={Wiley Online Library}
}



@article{Higgins2008,
author = {Higgins, Julian PT and White, I.R. and Wood, A.M.},
journal = {Clinical trials (London, England)},
number = {3},
pages = {225--239},
pmid = {18559412},
title = {{Imputation methods for missing outcome data in meta-analysis of clinical trials.}},
volume = {5},
year = {2008}
}

@article{Higgins1996,
author = {Higgins, Julian PT and Whitehead, A.},
journal = {Statistics in Medicine},
number = {24},
pages = {2733--2749},
title = {{Borrowing strength from external trials in a meta-analysis}},
volume = {15},
year = {1996}
}

@article{Hughes2012,
author = {Hughes, S. and Harris, Julia and Flack, Nancy and Cuffe, Robert L.},
doi = {10.1002/pst.1528},
file = {:C$\backslash$:/Users/spinelil/AppData/Local/Mendeley Ltd./Mendeley Desktop/Downloaded/Hughes et al. - 2012 - The statistician's role in the prevention of missing data.pdf:pdf},
isbn = {1539-1612 (Electronic)$\backslash$r1539-1604 (Linking)},
issn = {15391604},
journal = {Pharmaceutical Statistics},
keywords = {dropouts,missing data,retention},
number = {5},
pages = {410--416},
pmid = {22807372},
title = {{The statistician's role in the prevention of missing data}},
volume = {11},
year = {2012}
}

@article{Jackson2018,
author = {Jackson, D. and White, I.R.},
doi = {10.1002/bimj.201800071},
file = {:C$\backslash$:/Users/spinelil/AppData/Local/Mendeley Ltd./Mendeley Desktop/Downloaded/Jackson, White - 2018 - When should meta-analysis avoid making hidden normality assumptions.pdf:pdf},
isbn = {0000000249638},
issn = {03233847},
journal = {Biometrical Journal},
keywords = {1 statistical innovation group,astrazeneca,central limit theorem,distributional assumptions,normal approximation,random effects models},
number = {6},
pages = {1040--1058},
title = {{When should meta-analysis avoid making hidden normality assumptions?}},
url = {http://doi.wiley.com/10.1002/bimj.201800071},
volume = {60},
year = {2018}
}
@article{Kemmler2005,

author = {Kemmler, G. and Hummer, Martina and Widschwendter, Christian and Fleischhacker, W Wolfgang},
doi = {10.1001/archpsyc.62.12.1305},
isbn = {0003-990X (Print)$\backslash$r0003-990X (Linking)},
issn = {0003-990X},
journal = {Archives of general psychiatry},
keywords = {Antipsychotic Agents,Antipsychotic Agents: classification,Antipsychotic Agents: therapeutic use,Double-Blind Method,Humans,Multicenter Studies as Topic,Multicenter Studies as Topic: statistics {\&} numeric,Odds Ratio,Patient Dropouts,Patient Dropouts: statistics {\&} numerical data,Placebos,Psychotic Disorders,Psychotic Disorders: drug therapy,Psychotic Disorders: psychology,Randomized Controlled Trials as Topic,Randomized Controlled Trials as Topic: statistics,Research Design,Sample Size,Schizophrenia,Schizophrenia: drug therapy,Schizophrenic Psychology,Treatment Outcome},
number = {12},
pages = {1305--1312},
pmid = {16330718},
title = {{Dropout rates in placebo-controlled and active-control clinical trials of antipsychotic drugs: a meta-analysis.}},
url = {http://www.ncbi.nlm.nih.gov/pubmed/16330718},
volume = {62},
year = {2005}
}

@article{Lambert2005,
archivePrefix = {arXiv},
arxivId = {arXiv:1011.1669v3},
author = {Lambert, P.C. and Sutton, Alex J. and Burton, Paul R. and Abrams, Keith R. and Jones, D.R.},
doi = {10.1002/sim.2112},
eprint = {arXiv:1011.1669v3},
file = {:C$\backslash$:/Users/spinelil/AppData/Local/Mendeley Ltd./Mendeley Desktop/Downloaded/Lambert et al. - 2005 - How vague is vague A simulation study of the impact of the use of vague prior distributions in MCMC using WinBUG.pdf:pdf},
isbn = {0277-6715 (Print)$\backslash$r0277-6715},
issn = {02776715},
journal = {Statistics in Medicine},
keywords = {Bayesian methods,Markov chain Monte Carlo,Prior distributions,Simulation study},
number = {15},
pages = {2401--2428},
pmid = {16015676},
title = {{How vague is vague? A simulation study of the impact of the use of vague prior distributions in MCMC using WinBUGS}},
volume = {24},
year = {2005}
}

@article{Lu2006,
author = {Lu, G. and Ades, A.E.},
doi = {10.1198/016214505000001302},
file = {:C$\backslash$:/Users/spinelil/AppData/Local/Mendeley Ltd./Mendeley Desktop/Downloaded/Lu, Ades - 2006 - Assessing evidence inconsistency in mixed treatment comparisons.pdf:pdf},
isbn = {0162-1459},
issn = {01621459},
journal = {Journal of the American Statistical Association},
keywords = {Bayesian hierarchical model,Direct and indirect evidence,Evidence cycle,Inconsistency degrees of freedom,Inconsistency factor,Mixed treatment comparison,Random-effects model,WinBUGS},
number = {474},
pages = {447--459},
title = {{Assessing evidence inconsistency in mixed treatment comparisons}},
volume = {101},
year = {2006}
}

@article{Mavridis2015,
author = {Mavridis, D. and White, I.R and Higgins, JPT and Cipriani, A and Salanti, G.},
doi = {10.1002/sim.6365},
file = {:C$\backslash$:/Users/spinelil/AppData/Local/Mendeley Ltd./Mendeley Desktop/Downloaded/Mavridis et al. - 2015 - Allowing for uncertainty due to missing continuous outcome data in pairwise and network meta-analysis.pdf:pdf},
isbn = {1097-0258 (Electronic)$\backslash$r0277-6715 (Linking)},
issn = {10970258},
journal = {Statistics in Medicine},
keywords = {Informative missing,Mixed treatment comparison,Sensitivity analysis},
number = {5},
pages = {721--741},
pmid = {25393541},
title = {{Allowing for uncertainty due to missing continuous outcome data in pairwise and network meta-analysis}},
volume = {34},
year = {2015}
}

@article{Nikolakopoulou2014,
author = {Nikolakopoulou, A. and Chaimani, Anna and Veroniki, Areti Angeliki and Vasiliadis, Haris S. and Schmid, Christopher H. and Salanti, Georgia},
doi = {10.1371/journal.pone.0086754},
file = {:C$\backslash$:/Users/spinelil/AppData/Local/Mendeley Ltd./Mendeley Desktop/Downloaded/Nikolakopoulou et al. - 2014 - Characteristics of networks of interventions a description of a database of 186 published networks.pdf:pdf},
isbn = {1932-6203},
issn = {19326203},
journal = {PLoS ONE},
number = {1},
pages = {e86754},
pmid = {24466222},
title = {{Characteristics of networks of interventions: a description of a database of 186 published networks}},
volume = {9},
year = {2014}
}

@misc{RCoreTeam2020,
address = {Vienna, Austria},
author = {{R Core Team}},
publisher = {R Foundation for Statistical Computing},
title = {{R: A Language and Environment for Statistical Computing}},
url = {https://www.r-project.org},
year = {2020}
}

@article{Rhodes2016,
author = {Rhodes, K.M. and Turner, R.M. and Higgins, J.P.T.},
doi = {10.1002/jrsm.1193},
file = {:C$\backslash$:/Users/spinelil/AppData/Local/Mendeley Ltd./Mendeley Desktop/Downloaded/Rhodes, Turner, Higgins - 2016 - Empirical evidence about inconsistency among studies in a pair-wise meta-analysis.pdf:pdf},
issn = {17592887},
journal = {Research Synthesis Methods},
keywords = {Bayesian analysis,heterogeneity,inconsistency,intervention studies,meta-analysis},
number = {4},
pages = {346--370},
pmid = {26679486},
title = {{Empirical evidence about inconsistency among studies in a pair-wise meta-analysis}},
volume = {7},
year = {2016}
}

@article{Salanti2011,
author = {Salanti, G. and Ades, A.E. and Ioannidis, J.P.A.},
doi = {10.1016/j.jclinepi.2010.03.016},
file = {:C$\backslash$:/Users/spinelil/AppData/Local/Mendeley Ltd./Mendeley Desktop/Downloaded/Salanti, Ades, Ioannidis - 2011 - Graphical methods and numerical summaries for presenting results from multiple-treatment meta-analysis.pdf:pdf},
isbn = {1878-5921 (Electronic)$\backslash$r0895-4356 (Linking)},
issn = {08954356},
journal = {Journal of Clinical Epidemiology},
keywords = {Bayesian meta-analysis,Mixed-treatment comparison,Network meta-analysis,Posterior probabilities,Predictive intervals,Ranking},
number = {2},
pages = {163--171},
pmid = {20688472},
publisher = {Elsevier Inc},
title = {{Graphical methods and numerical summaries for presenting results from multiple-treatment meta-analysis: an overview and tutorial}},
url = {http://dx.doi.org/10.1016/j.jclinepi.2010.03.016},
volume = {64},
year = {2011}
}

@article{Schwingshackl2014,
author = {Schwingshackl, L. and Missbach, Benjamin and Dias, Sofia and K{\"{o}}nig, J{\"{u}}rgen and Hoffmann, Georg},
doi = {10.1007/s00125-014-3303-z},
isbn = {0012501433},
issn = {14320428},
journal = {Diabetologia},
keywords = {Aerobic exercise,Combined training,Network meta-analysis,Resistance training,Systematic review},
number = {9},
pages = {1789--1797},
pmid = {24996616},
title = {{Impact of different training modalities on glycaemic control and blood lipids in patients with type 2 diabetes: a systematic review and network meta-analysis}},
volume = {57},
year = {2014}
}

@article{Spineli2017,
author = {Spineli, L.M.},
doi = {10.1002/jrsm.1268},
file = {:C$\backslash$:/Users/spinelil/AppData/Local/Mendeley Ltd./Mendeley Desktop/Downloaded/Spineli - 2017 - Missing binary data extraction challenges from Cochrane reviews in mental health and Campbell reviews with implications.pdf:pdf},
issn = {17592887},
journal = {Research Synthesis Methods},
keywords = {empirical study,imputation,meta-analysis,missing outcome data,systematic reviews},
number = {4},
pages = {514--525},
title = {{Missing binary data extraction challenges from Cochrane reviews in mental health and Campbell reviews with implications for empirical research}},
volume = {8},
year = {2017}
}

@article{Spineli2019,
author = {Spineli, L.M.},
doi = {10.1017/S0950268817001236.},
file = {:C$\backslash$:/Users/spinelil/AppData/Local/Mendeley Ltd./Mendeley Desktop/Downloaded/Spineli - 2019 - Modeling missing binary outcome data while preserving transitivity assumption yielded more credible network meta-ana(2).pdf:pdf},
isbn = {2651094781},
issn = {08954356},
journal = {Journal of Clinical Epidemiology},
keywords = {corresponding author,manuscript region of origin,s},
pages = {19--26},
publisher = {Elsevier Inc},
title = {{Modeling missing binary outcome data while preserving transitivity assumption yielded more credible network meta-analysis results}},
url = {https://doi.org/10.1016/j.jclinepi.2018.09.002},
volume = {105},
year = {2019}
}

@article{Spineli2015,
author = {Spineli, L.M. and Pandis, N. and Salanti, G.},
doi = {10.1002/jrsm.1131},
file = {:C$\backslash$:/Users/spinelil/AppData/Local/Mendeley Ltd./Mendeley Desktop/Downloaded/Spineli, Pandis, Salanti - 2015 - Reporting and handling missing outcome data in mental health a systematic review of Cochrane systemati.pdf:pdf},
issn = {17592887 17592879},
journal = {Research Synthesis Methods},
keywords = {Last observation car,[Intention-to-treat analysis},
number = {2},
pages = {175--87},
title = {{Reporting and handling missing outcome data in mental health: a systematic review of Cochrane systematic reviews and meta-analyses}},
volume = {6},
year = {2015}
}

@article{Spineli2018,
author = {Spineli, L.M. and Yepes-Nu{\~{n}}ez, J.J. and Sch{\"{u}}nemann, H.J.},
file = {:C$\backslash$:/Users/spinelil/AppData/Local/Mendeley Ltd./Mendeley Desktop/Downloaded/Spineli, Yepes-Nu{\~{n}}ez, Sch{\"{u}}nemann - 2018 - A systematic survey shows that reporting and handling of missing outcome data in networks of i.pdf:pdf},
isbn = {1287401805},
journal = {BMC Medical Research Methodology},
keywords = {Empirical research,Intention-to-treat analysis,Missing outcome data,Network meta-analysis,Systematic review,empirical,intention-to-treat analysis,missing outcome data,network meta-analysis,systematic review},
number = {1},
pages = {115},
publisher = {BMC Medical Research Methodology},
title = {{A systematic survey shows that reporting and handling of missing outcome data in networks of interventions is poor}},
volume = {18},
year = {2018}
}

@article{Spineli2019a,
author={Spineli, Loukia M},
journal = {BMC Medical Research Methodology},
number = {1},
pages = {86},
title = {{An empirical comparison of Bayesian modelling strategies for missing binary outcome data in network meta-analysis}},
volume = {19},
year = {2019}
}

@article{Spineli2020,
  title={Comparison of exclusion, imputation and modelling of missing binary outcome data in frequentist network meta-analysis},
  author={Spineli, Loukia M and Kalyvas, Chrysostomos},
  journal={BMC Medical Research Methodology},
  volume={20},
  number={1},
  pages={1--15},
  year={2020},
  publisher={BioMed Central}
}

@article{Spineli2019b,
author={Spineli, Loukia M and Kalyvas, Chrysostomos and Pateras, Konstantinos},
journal = {Statistics in Medicine},
number = {20},
pages = {3861--3879},
title = {Participants' outcomes gone missing within a network of interventions: Bayesian modeling strategies},
volume = {38},
year = {2019}
}

@article{Spineli2013,
  title={The impact of trial characteristics on premature discontinuation of antipsychotics in schizophrenia},
  author={Spineli, L.M. and Leucht, Stefan and Cipriani, Andrea and Higgins, Julian PT and Salanti, Georgia},
  journal={European Neuropsychopharmacology},
  volume={23},
  number={9},
  pages={1010--1016},
  year={2013},
  publisher={Elsevier}
}

@article{Stevens2011,
author = {Stevens, John W.},
doi = {10.1002/pst.491},
file = {:C$\backslash$:/Users/spinelil/AppData/Local/Mendeley Ltd./Mendeley Desktop/Downloaded/Stevens - 2011 - A note on dealing with missing standard errors in meta-analyses of continuous outcome measures in WinBUGS.pdf:pdf},
issn = {15391604},
journal = {Pharmaceutical Statistics},
keywords = {Bayesian,MCMC,meta-analysis,missing data},
number = {4},
pages = {374--378},
pmid = {21394888},
title = {{A note on dealing with missing standard errors in meta-analyses of continuous outcome measures in WinBUGS}},
volume = {10},
year = {2011}
}

@article{Stowe2011,
author = {Stowe, R. and Ives, Natalie and Clarke, Carl E. and Handley, Kelly and Furmston, Alexandra and Deane, Katherine and van Hilten, J. J. and Wheatley, Keith and Gray, Richard},
doi = {10.1002/mds.23517},
isbn = {1531-8257},
issn = {08853185},
journal = {Movement Disorders},
keywords = {Adjuvant treatment,Levodopa,Meta-analysis,Motor complications,Parkinson's disease},
number = {4},
pages = {587--598},
pmid = {21370258},
title = {{Meta-analysis of the comparative efficacy and safety of adjuvant treatment to levodopa in later Parkinson's disease}},
volume = {26},
year = {2011}
}

@misc{Su2020,
 author={Su, YS and Yaima, M},
file = {:C$\backslash$:/Users/spinelil/AppData/Local/Mendeley Ltd./Mendeley Desktop/Downloaded/Su, Yajima - 2015 - R2jags Using R to Run 'JAGS'.pdf:pdf},
title = {{R2jags: Using R to Run 'JAGS'. Version 0.6-1}},
url = {https://cran.r-project.org/package=R2jags},
year = {2020}
}

@article{Turner2015,
author = {Turner, N.L. and Dias, S. and Ades, A. E. and Welton, N.J.},
doi = {10.1002/sim.6475},
file = {:C$\backslash$:/Users/spinelil/AppData/Local/Mendeley Ltd./Mendeley Desktop/Downloaded/Turner et al. - 2015 - A Bayesian framework to account for uncertainty due to missing binary outcome data in pairwise meta-analysis(3).pdf:pdf},
issn = {10970258},
journal = {Statistics in Medicine},
keywords = {Bayesian,Bias,Decision making,Meta-analysis,Missing data,Pattern-mixture model},
number = {12},
pages = {2062--2080},
pmid = {25809313},
title = {{A Bayesian framework to account for uncertainty due to missing binary outcome data in pairwise meta-analysis}},
volume = {34},
year = {2015}
}

@article{White2004,
author = {White, I.R. and Carpenter, James R and Evans, Stephen and Schroter, Sara},
doi = {10.1177/1740774507077849},
file = {:C$\backslash$:/Users/spinelil/AppData/Local/Mendeley Ltd./Mendeley Desktop/Downloaded/White et al. - 2004 - Eliciting and using expert opinions about dropout bias in randomised controlled trials.pdf:pdf},
isbn = {1740774507},
issn = {1740-7745},
journal = {Clinical trials (London, England)},
pages = {125--139},
pmid = {17456512},
title = {{Eliciting and using expert opinions about dropout bias in randomised controlled trials}},
volume = {4},
year = {2004}
}

@article{White2008,
author = {White, I.R. and Higgins, J.P.T. and Wood, A.M.},
doi = {10.1002/sim.3008},
file = {:C$\backslash$:/Users/spinelil/AppData/Local/Mendeley Ltd./Mendeley Desktop/Downloaded/White, Higgins, Wood - 2008 - Allowing for uncertainty due to missing data in meta-analysis—Part 1 two-stage methods.pdf:pdf},
journal = {Statistics in Medicine},
keywords = {Bayesian methods,informative priors,meta-analysis,missing data,sensitivity analysis},
mendeley-tags = {Bayesian methods,informative priors,meta-analysis,missing data,sensitivity analysis},
number = {5},
pages = {711--727},
title = {{Allowing for uncertainty due to missing data in meta-analysis—Part 1: two-stage methods}},
volume = {27},
year = {2008}
}


